<?xml version="1.0" encoding="UTF-8"?>
<!DOCTYPE html PUBLIC "-//W3C//DTD XHTML 1.0 Transitional//EN"
    "http://www.w3.org/TR/xhtml1/DTD/xhtml1-transitional.dtd">
<html xmlns="http://www.w3.org/1999/xhtml" xml:lang="en" lang="en">
 <head>
  <title>
</title>
<meta http-equiv="Content-Type" content="text/html;charset=utf-8" />
  <meta name='ocr-system' content='tesseract 3.04.00' />
  <meta name='ocr-capabilities' content='ocr_page ocr_carea ocr_par ocr_line ocrx_word'/>
</head>
<body>
  <div class='ocr_page' id='page_1' title='image "./opusculavariapos00baco/opusculavariapos00baco_0219.png"; bbox 0 0 1914 3206; ppageno 0'>
   <div class='ocr_carea' id='block_1_1' title="bbox 237 85 1658 206">
    <p class='ocr_par' dir='ltr' id='par_1_1' title="bbox 237 85 1658 206">
     <span class='ocr_line' id='line_1_1' title="bbox 237 85 1658 206; baseline -0.013 -26"><span class='ocrx_word' id='word_1_1' title='bbox 237 85 670 195; x_wconf 64' lang='lat' dir='ltr'>Elizabethae</span> <span class='ocrx_word' id='word_1_2' title='bbox 699 93 754 170; x_wconf 76' lang='lat' dir='ltr'><strong>A</strong></span> <span class='ocrx_word' id='word_1_3' title='bbox 769 88 996 206; x_wconf 76' lang='lat' dir='ltr'>ngliae</span> <span class='ocrx_word' id='word_1_4' title='bbox 1029 89 1384 206; x_wconf 79' lang='lat' dir='ltr'>Reginae.</span> <span class='ocrx_word' id='word_1_5' title='bbox 1513 91 1658 202; x_wconf 76' lang='lat'>183-</span> 
     </span>
    </p>
   </div>
   <div class='ocr_carea' id='block_1_2' title="bbox 0 223 1650 2997">
    <p class='ocr_par' dir='ltr' id='par_1_2' title="bbox 30 223 1650 1467">
     <span class='ocr_line' id='line_1_2' title="bbox 94 223 1650 310; baseline -0.003 -19"><span class='ocrx_word' id='word_1_6' title='bbox 94 232 322 310; x_wconf 79' lang='lat' dir='ltr'>accepit</span> <span class='ocrx_word' id='word_1_7' title='bbox 360 270 379 296; x_wconf 89' lang='lat'><em>,</em></span> <span class='ocrx_word' id='word_1_8' title='bbox 419 249 526 288; x_wconf 89' lang='lat' dir='ltr'>nec</span> <span class='ocrx_word' id='word_1_9' title='bbox 546 230 780 288; x_wconf 82' lang='lat' dir='ltr'>Villulam</span> <span class='ocrx_word' id='word_1_10' title='bbox 809 230 1062 307; x_wconf 77' lang='lat' dir='ltr'>aliquam</span> <span class='ocrx_word' id='word_1_11' title='bbox 1086 226 1364 285; x_wconf 85' lang='lat' dir='ltr'>incendio</span> <span class='ocrx_word' id='word_1_12' title='bbox 1387 223 1650 295; x_wconf 78' lang='lat' dir='ltr'>vastavit,</span> 
     </span>
     <span class='ocr_line' id='line_1_3' title="bbox 96 308 1645 391; baseline -0.003 -17"><span class='ocrx_word' id='word_1_13' title='bbox 96 335 206 374; x_wconf 87' lang='lat' dir='ltr'>nec</span> <span class='ocrx_word' id='word_1_14' title='bbox 225 317 386 373; x_wconf 85' lang='lat' dir='ltr'><em>Littus</em></span> <span class='ocrx_word' id='word_1_15' title='bbox 404 314 655 372; x_wconf 88' lang='lat' dir='ltr'>omnino</span> <span class='ocrx_word' id='word_1_16' title='bbox 678 312 878 391; x_wconf 79' lang='lat' dir='ltr'>attigit</span> <span class='ocrx_word' id='word_1_17' title='bbox 907 314 925 370; x_wconf 73' lang='grc' dir='ltr'>ε’</span> <span class='ocrx_word' id='word_1_18' title='bbox 942 309 1050 371; x_wconf 83' lang='lat' dir='ltr'>Sed</span> <span class='ocrx_word' id='word_1_19' title='bbox 1080 310 1284 388; x_wconf 77' lang='lat' dir='ltr'>praelio</span> <span class='ocrx_word' id='word_1_20' title='bbox 1308 308 1428 370; x_wconf 87' lang='lat' dir='ltr'>fusa</span> <span class='ocrx_word' id='word_1_21' title='bbox 1448 347 1465 375; x_wconf 69' lang='lat'>2</span> <span class='ocrx_word' id='word_1_22' title='bbox 1487 312 1645 372; x_wconf 81' lang='lat' dir='ltr'>mise-</span> 
     </span>
     <span class='ocr_line' id='line_1_4' title="bbox 94 389 1644 479; baseline -0.004 -20"><span class='ocrx_word' id='word_1_23' title='bbox 94 419 160 459; x_wconf 83' lang='lat' dir='ltr'>ra</span> <span class='ocrx_word' id='word_1_24' title='bbox 178 393 319 479; x_wconf 75' lang='lat' dir='ltr'>fuga</span> <span class='ocrx_word' id='word_1_25' title='bbox 341 404 396 459; x_wconf 72' lang='grc' dir='ltr'>δε</span> <span class='ocrx_word' id='word_1_26' title='bbox 421 397 637 456; x_wconf 87' lang='lat' dir='ltr'>crebris</span> <span class='ocrx_word' id='word_1_27' title='bbox 659 395 990 477; x_wconf 31' lang='lat' dir='ltr'>naufragi-is</span> <span class='ocrx_word' id='word_1_28' title='bbox 1027 389 1291 474; x_wconf 78' lang='lat' dir='ltr'>diflipata</span> <span class='ocrx_word' id='word_1_29' title='bbox 1313 391 1424 457; x_wconf 81' lang='lat' dir='ltr'>est,</span> <span class='ocrx_word' id='word_1_30' title='bbox 1468 412 1644 473; x_wconf 85' lang='lat' dir='ltr'>atque</span> 
     </span>
     <span class='ocr_line' id='line_1_5' title="bbox 89 474 1643 561; baseline -0.003 -19"><span class='ocrx_word' id='word_1_31' title='bbox 89 499 202 561; x_wconf 84' lang='lat' dir='ltr'>pax</span> <span class='ocrx_word' id='word_1_32' title='bbox 222 482 463 561; x_wconf 67' lang='lat' dir='ltr'>«Anglico</span> <span class='ocrx_word' id='word_1_33' title='bbox 482 479 613 538; x_wconf 89' lang='lat' dir='ltr'>solo</span> <span class='ocrx_word' id='word_1_34' title='bbox 631 486 686 542; x_wconf 87' lang='lat'>&amp;</span> <span class='ocrx_word' id='word_1_35' title='bbox 709 479 928 540; x_wconf 85' lang='lat' dir='ltr'>finibus</span> <span class='ocrx_word' id='word_1_36' title='bbox 966 484 1215 539; x_wconf 86' lang='lat' dir='ltr'>immota</span> <span class='ocrx_word' id='word_1_37' title='bbox 1235 479 1288 535; x_wconf 87' lang='lat'>&amp;</span> <span class='ocrx_word' id='word_1_38' title='bbox 1310 474 1643 537; x_wconf 80' lang='lat' dir='ltr'>inconcussa</span> 
     </span>
     <span class='ocr_line' id='line_1_6' title="bbox 90 560 1643 634; baseline -0.008 -7"><span class='ocrx_word' id='word_1_39' title='bbox 90 565 444 627; x_wconf 77' lang='lat' dir='ltr'>manfitNec</span> <span class='ocrx_word' id='word_1_40' title='bbox 460 567 656 624; x_wconf 84' lang='lat' dir='ltr'>minus</span> <span class='ocrx_word' id='word_1_41' title='bbox 674 563 816 625; x_wconf 84' lang='lat' dir='ltr'>felix</span> <span class='ocrx_word' id='word_1_42' title='bbox 835 566 893 623; x_wconf 90' lang='lat' dir='ltr'>in</span> <span class='ocrx_word' id='word_1_43' title='bbox 917 572 1322 634; x_wconf 78' lang='lat' dir='ltr'>conjuratorum</span> <span class='ocrx_word' id='word_1_44' title='bbox 1339 561 1525 632; x_wconf 82' lang='lat' dir='ltr'>infidiis</span> <span class='ocrx_word' id='word_1_45' title='bbox 1546 560 1643 620; x_wconf 73' lang='lat' dir='ltr'>cle⁴</span> 
     </span>
     <span class='ocr_line' id='line_1_7' title="bbox 89 642 1639 728; baseline -0.003 -18"><span class='ocrx_word' id='word_1_46' title='bbox 89 646 345 711; x_wconf 87' lang='lat' dir='ltr'>vitandis</span> <span class='ocrx_word' id='word_1_47' title='bbox 387 692 404 716; x_wconf 91' lang='lat'><em>,</em></span> <span class='ocrx_word' id='word_1_48' title='bbox 446 669 624 727; x_wconf 89' lang='lat' dir='ltr'>quam</span> <span class='ocrx_word' id='word_1_49' title='bbox 645 651 704 708; x_wconf 90' lang='lat' dir='ltr'>in</span> <span class='ocrx_word' id='word_1_50' title='bbox 740 653 889 728; x_wconf 82' lang='lat' dir='ltr'>copiis</span> <span class='ocrx_word' id='word_1_51' title='bbox 908 647 1156 728; x_wconf 70' lang='lat' dir='ltr'>hostilibus</span> <span class='ocrx_word' id='word_1_52' title='bbox 1181 642 1560 708; x_wconf 83' lang='lat' dir='ltr'>devincendis</span> <span class='ocrx_word' id='word_1_53' title='bbox 1583 652 1639 705; x_wconf 73' lang='grc' dir='ltr'>δε</span> 
     </span>
     <span class='ocr_line' id='line_1_8' title="bbox 85 727 1639 816; baseline -0.003 -23"><span class='ocrx_word' id='word_1_54' title='bbox 85 727 649 816; x_wconf 70' lang='lat' dir='ltr'>propulsandi82fuit</span> <span class='ocrx_word' id='word_1_55' title='bbox 671 759 685 794; x_wconf 73' lang='lat' dir='ltr'><strong><em>z</em></strong></span> <span class='ocrx_word' id='word_1_56' title='bbox 701 755 820 792; x_wconf 90' lang='lat' dir='ltr'>non</span> <span class='ocrx_word' id='word_1_57' title='bbox 840 755 1035 816; x_wconf 81' lang='lat' dir='ltr'>paucae</span> <span class='ocrx_word' id='word_1_58' title='bbox 1062 734 1217 791; x_wconf 89' lang='lat' dir='ltr'>enim</span> <span class='ocrx_word' id='word_1_59' title='bbox 1234 745 1436 788; x_wconf 86' lang='lat' dir='ltr'>contra</span> <span class='ocrx_word' id='word_1_60' title='bbox 1453 729 1639 788; x_wconf 81' lang='lat' dir='ltr'>vitam</span> 
     </span>
     <span class='ocr_line' id='line_1_9' title="bbox 30 809 1638 896; baseline -0.003 -18"><span class='ocrx_word' id='word_1_61' title='bbox 30 876 35 881; x_wconf 74' lang='grc'>,</span> <span class='ocrx_word' id='word_1_62' title='bbox 86 816 209 894; x_wconf 87' lang='lat' dir='ltr'>ejus</span> <span class='ocrx_word' id='word_1_63' title='bbox 231 816 642 896; x_wconf 77' lang='lat' dir='ltr'>conspirationes</span> <span class='ocrx_word' id='word_1_64' title='bbox 663 815 829 878; x_wconf 59' lang='lat' dir='ltr'>faffle</span> <span class='ocrx_word' id='word_1_65' title='bbox 852 855 869 882; x_wconf 88' lang='lat'>‚</span> <span class='ocrx_word' id='word_1_66' title='bbox 901 813 1220 876; x_wconf 85' lang='lat' dir='ltr'>feliciffime</span> <span class='ocrx_word' id='word_1_67' title='bbox 1242 821 1299 876; x_wconf 88' lang='lat'>&amp;</span> <span class='ocrx_word' id='word_1_68' title='bbox 1333 809 1638 892; x_wconf 66' lang='lat' dir='ltr'>patefafiae</span> 
     </span>
     <span class='ocr_line' id='line_1_10' title="bbox 82 896 1637 980; baseline -0.007 -13"><span class='ocrx_word' id='word_1_69' title='bbox 82 908 145 967; x_wconf 87' lang='lat'>&amp;</span> <span class='ocrx_word' id='word_1_70' title='bbox 160 900 498 962; x_wconf 85' lang='lat' dir='ltr'>disturbatae</span> <span class='ocrx_word' id='word_1_71' title='bbox 522 901 655 963; x_wconf 88' lang='lat' dir='ltr'>sunt</span> <span class='ocrx_word' id='word_1_72' title='bbox 693 925 708 961; x_wconf 69' lang='grc' dir='ltr'><strong>ι</strong></span> <span class='ocrx_word' id='word_1_73' title='bbox 756 905 962 980; x_wconf 84' lang='lat' dir='ltr'>Neque</span> <span class='ocrx_word' id='word_1_74' title='bbox 982 921 1054 960; x_wconf 82' lang='lat' dir='ltr'>ex</span> <span class='ocrx_word' id='word_1_75' title='bbox 1075 918 1146 957; x_wconf 92' lang='lat' dir='ltr'>eo</span> <span class='ocrx_word' id='word_1_76' title='bbox 1181 901 1294 958; x_wconf 72' lang='lat' dir='ltr'>vita</span> <span class='ocrx_word' id='word_1_77' title='bbox 1316 896 1434 973; x_wconf 85' lang='lat' dir='ltr'>ejus</span> <span class='ocrx_word' id='word_1_78' title='bbox 1451 899 1637 978; x_wconf 63' lang='lat' dir='ltr'>magis*</span> 
     </span>
     <span class='ocr_line' id='line_1_11' title="bbox 80 982 1638 1066; baseline -0.002 -22"><span class='ocrx_word' id='word_1_79' title='bbox 80 982 312 1066; x_wconf 86' lang='lat' dir='ltr'>trepida</span> <span class='ocrx_word' id='word_1_80' title='bbox 331 1004 434 1046; x_wconf 88' lang='lat' dir='ltr'>aut</span> <span class='ocrx_word' id='word_1_81' title='bbox 453 986 621 1046; x_wconf 87' lang='lat' dir='ltr'>anxia</span> <span class='ocrx_word' id='word_1_82' title='bbox 658 1007 679 1054; x_wconf 73' lang='grc' dir='ltr'><strong><em>ς</em></strong></span> <span class='ocrx_word' id='word_1_83' title='bbox 731 1005 849 1044; x_wconf 89' lang='lat' dir='ltr'>non</span> <span class='ocrx_word' id='word_1_84' title='bbox 886 987 1209 1063; x_wconf 75' lang='lat' dir='ltr'>stipatorum</span> <span class='ocrx_word' id='word_1_85' title='bbox 1230 1001 1507 1041; x_wconf 86' lang='lat' dir='ltr'>numerus</span> <span class='ocrx_word' id='word_1_86' title='bbox 1536 1002 1638 1041; x_wconf 89' lang='lat' dir='ltr'>au-</span> 
     </span>
     <span class='ocr_line' id='line_1_12' title="bbox 85 1068 1631 1152; baseline -0.002 -23"><span class='ocrx_word' id='word_1_87' title='bbox 85 1070 235 1138; x_wconf 74' lang='grc' dir='ltr'>ἃυςς</span> <span class='ocrx_word' id='word_1_88' title='bbox 257 1090 378 1129; x_wconf 92' lang='lat' dir='ltr'>non</span> <span class='ocrx_word' id='word_1_89' title='bbox 400 1086 628 1152; x_wconf 84' lang='lat' dir='ltr'>ternpus</span> <span class='ocrx_word' id='word_1_90' title='bbox 649 1074 802 1131; x_wconf 85' lang='lat' dir='ltr'>intra</span> <span class='ocrx_word' id='word_1_91' title='bbox 821 1069 1106 1129; x_wconf 75' lang='lat' dir='ltr'>Palatium</span> <span class='ocrx_word' id='word_1_92' title='bbox 1130 1068 1348 1129; x_wconf 58' lang='lat' dir='ltr'>aeium,</span> <span class='ocrx_word' id='word_1_93' title='bbox 1390 1069 1449 1129; x_wconf 85' lang='lat'>&amp;</span> <span class='ocrx_word' id='word_1_94' title='bbox 1472 1086 1631 1126; x_wconf 81' lang='lat' dir='ltr'>rarus</span> 
     </span>
     <span class='ocr_line' id='line_1_13' title="bbox 78 1146 1635 1236; baseline -0.001 -25"><span class='ocrx_word' id='word_1_95' title='bbox 78 1155 142 1212; x_wconf 88' lang='lat' dir='ltr'>in</span> <span class='ocrx_word' id='word_1_96' title='bbox 165 1146 473 1234; x_wconf 81' lang='lat' dir='ltr'>publicurn</span> <span class='ocrx_word' id='word_1_97' title='bbox 492 1151 785 1236; x_wconf 84' lang='lat' dir='ltr'>proceffus</span> <span class='ocrx_word' id='word_1_98' title='bbox 810 1151 940 1220; x_wconf 84' lang='lat' dir='ltr'>3sed</span> <span class='ocrx_word' id='word_1_99' title='bbox 960 1153 1189 1215; x_wconf 78' lang='lat' dir='ltr'>secura,</span> <span class='ocrx_word' id='word_1_100' title='bbox 1239 1155 1291 1208; x_wconf 88' lang='lat'>&amp;</span> <span class='ocrx_word' id='word_1_101' title='bbox 1314 1147 1496 1210; x_wconf 86' lang='lat' dir='ltr'>fidens</span> <span class='ocrx_word' id='word_1_102' title='bbox 1525 1186 1541 1214; x_wconf 71' lang='lat'>2</span> <span class='ocrx_word' id='word_1_103' title='bbox 1579 1154 1635 1210; x_wconf 89' lang='lat'>&amp;</span> 
     </span>
     <span class='ocr_line' id='line_1_14' title="bbox 77 1233 1633 1319; baseline -0.003 -24"><span class='ocrx_word' id='word_1_104' title='bbox 77 1240 285 1317; x_wconf 89' lang='lat' dir='ltr'>potius</span> <span class='ocrx_word' id='word_1_105' title='bbox 341 1238 712 1298; x_wconf 86' lang='lat' dir='ltr'>liberationis</span> <span class='ocrx_word' id='word_1_106' title='bbox 759 1236 790 1295; x_wconf 72' lang='grc' dir='ltr'>ὲ</span> <span class='ocrx_word' id='word_1_107' title='bbox 833 1239 1102 1319; x_wconf 89' lang='lat' dir='ltr'>periculo</span> <span class='ocrx_word' id='word_1_108' title='bbox 1155 1255 1332 1314; x_wconf 83' lang='lat' dir='ltr'>quam</span> <span class='ocrx_word' id='word_1_109' title='bbox 1386 1233 1633 1315; x_wconf 89' lang='lat' dir='ltr'>periculi</span> 
     </span>
     <span class='ocr_line' id='line_1_15' title="bbox 80 1315 1632 1402; baseline -0.002 -22"><span class='ocrx_word' id='word_1_110' title='bbox 80 1318 255 1402; x_wconf 85' lang='lat' dir='ltr'>ipfius</span> <span class='ocrx_word' id='word_1_111' title='bbox 281 1342 513 1381; x_wconf 88' lang='lat' dir='ltr'>memor</span> <span class='ocrx_word' id='word_1_112' title='bbox 533 1359 553 1388; x_wconf 85' lang='lat'>‚</span> <span class='ocrx_word' id='word_1_113' title='bbox 571 1321 718 1382; x_wconf 88' lang='lat' dir='ltr'>nihil</span> <span class='ocrx_word' id='word_1_114' title='bbox 737 1319 811 1383; x_wconf 90' lang='lat' dir='ltr'>de</span> <span class='ocrx_word' id='word_1_115' title='bbox 829 1317 1263 1382; x_wconf 87' lang='lat' dir='ltr'>consuetudine</span> <span class='ocrx_word' id='word_1_116' title='bbox 1283 1315 1632 1399; x_wconf 73' lang='lat' dir='ltr'>suapristina</span> 
     </span>
     <span class='ocr_line' id='line_1_16' title="bbox 79 1404 613 1467; baseline 0.004 -2"><span class='ocrx_word' id='word_1_117' title='bbox 79 1404 320 1466; x_wconf 89' lang='lat' dir='ltr'>vivendi</span> <span class='ocrx_word' id='word_1_118' title='bbox 339 1409 613 1467; x_wconf 86' lang='lat' dir='ltr'>mutavit.</span> 
     </span>
    </p>

    <p class='ocr_par' dir='ltr' id='par_1_3' title="bbox 0 1486 1637 2914">
     <span class='ocr_line' id='line_1_17' title="bbox 147 1486 1630 1572; baseline -0.005 -19"><span class='ocrx_word' id='word_1_119' title='bbox 147 1491 358 1554; x_wconf 73' lang='lat' dir='ltr'>‚Etiam</span> <span class='ocrx_word' id='word_1_120' title='bbox 377 1488 527 1550; x_wconf 90' lang='lat' dir='ltr'>illud</span> <span class='ocrx_word' id='word_1_121' title='bbox 557 1507 768 1551; x_wconf 88' lang='lat' dir='ltr'>notatu</span> <span class='ocrx_word' id='word_1_122' title='bbox 801 1489 1052 1572; x_wconf 86' lang='lat' dir='ltr'>dignum</span> <span class='ocrx_word' id='word_1_123' title='bbox 1091 1486 1328 1550; x_wconf 84' lang='lat' dir='ltr'>videtur</span> <span class='ocrx_word' id='word_1_124' title='bbox 1370 1524 1386 1553; x_wconf 73' lang='lat'><em>2</em></span> <span class='ocrx_word' id='word_1_125' title='bbox 1434 1488 1630 1565; x_wconf 78' lang='lat' dir='ltr'>qualia</span> 
     </span>
     <span class='ocr_line' id='line_1_18' title="bbox 79 1571 1628 1654; baseline -0.001 -22"><span class='ocrx_word' id='word_1_126' title='bbox 79 1580 335 1651; x_wconf 82' lang='lat' dir='ltr'>Tempora</span> <span class='ocrx_word' id='word_1_127' title='bbox 371 1571 592 1634; x_wconf 86' lang='lat' dir='ltr'>fuerint</span> <span class='ocrx_word' id='word_1_128' title='bbox 641 1576 701 1634; x_wconf 91' lang='lat' dir='ltr'>in</span> <span class='ocrx_word' id='word_1_129' title='bbox 741 1578 957 1654; x_wconf 77' lang='lat' dir='ltr'>quibus</span> <span class='ocrx_word' id='word_1_130' title='bbox 999 1575 1226 1635; x_wconf 83' lang='lat' dir='ltr'>floruit.</span> <span class='ocrx_word' id='word_1_131' title='bbox 1289 1574 1437 1631; x_wconf 86' lang='lat' dir='ltr'>Sunt</span> <span class='ocrx_word' id='word_1_132' title='bbox 1472 1574 1628 1630; x_wconf 89' lang='lat' dir='ltr'>enirn</span> 
     </span>
     <span class='ocr_line' id='line_1_19' title="bbox 76 1656 1632 1739; baseline -0.004 -19"><span class='ocrx_word' id='word_1_133' title='bbox 76 1658 348 1739; x_wconf 86' lang='lat' dir='ltr'>quaedam</span> <span class='ocrx_word' id='word_1_134' title='bbox 365 1659 529 1733; x_wconf 79' lang='lat' dir='ltr'>secula</span> <span class='ocrx_word' id='word_1_135' title='bbox 545 1675 664 1718; x_wconf 84' lang='lat' dir='ltr'>tam</span> <span class='ocrx_word' id='word_1_136' title='bbox 685 1659 932 1718; x_wconf 83' lang='lat' dir='ltr'>barbara</span> <span class='ocrx_word' id='word_1_137' title='bbox 949 1666 1001 1719; x_wconf 72' lang='grc' dir='ltr'>δε</span> <span class='ocrx_word' id='word_1_138' title='bbox 1019 1680 1209 1719; x_wconf 85' lang='lat' dir='ltr'>rerum</span> <span class='ocrx_word' id='word_1_139' title='bbox 1231 1656 1509 1721; x_wconf 85' lang='lat' dir='ltr'>nescia,ut</span> <span class='ocrx_word' id='word_1_140' title='bbox 1527 1664 1632 1714; x_wconf 84' lang='lat' dir='ltr'>Ho-</span> 
     </span>
     <span class='ocr_line' id='line_1_20' title="bbox 73 1743 1630 1825; baseline -0.003 -22"><span class='ocrx_word' id='word_1_141' title='bbox 73 1747 547 1824; x_wconf 81' lang='lat' dir='ltr'>mines‚tanquam</span> <span class='ocrx_word' id='word_1_142' title='bbox 565 1743 923 1803; x_wconf 85' lang='lat' dir='ltr'>Animalium</span> <span class='ocrx_word' id='word_1_143' title='bbox 947 1764 1173 1825; x_wconf 71' lang='lat' dir='ltr'>greges,</span> <span class='ocrx_word' id='word_1_144' title='bbox 1196 1743 1446 1821; x_wconf 80' lang='lat' dir='ltr'>imperio</span> <span class='ocrx_word' id='word_1_145' title='bbox 1468 1761 1630 1800; x_wconf 81' lang='lat' dir='ltr'>coer-</span> 
     </span>
     <span class='ocr_line' id='line_1_21' title="bbox 73 1823 1628 1908; baseline -0.006 -17"><span class='ocrx_word' id='word_1_146' title='bbox 73 1850 208 1891; x_wconf 87' lang='lat' dir='ltr'>cere</span> <span class='ocrx_word' id='word_1_147' title='bbox 242 1831 326 1887; x_wconf 90' lang='lat' dir='ltr'>nil</span> <span class='ocrx_word' id='word_1_148' title='bbox 348 1848 636 1908; x_wconf 85' lang='lat' dir='ltr'>magnum</span> <span class='ocrx_word' id='word_1_149' title='bbox 660 1823 859 1888; x_wconf 86' lang='lat' dir='ltr'>fuerit.</span> <span class='ocrx_word' id='word_1_150' title='bbox 905 1830 1043 1888; x_wconf 75' lang='lat' dir='ltr'>Haec</span> <span class='ocrx_word' id='word_1_151' title='bbox 1079 1844 1274 1886; x_wconf 81' lang='lat' dir='ltr'>autem</span> <span class='ocrx_word' id='word_1_152' title='bbox 1306 1828 1628 1906; x_wconf 78' lang='lat' dir='ltr'>Princepsin</span> 
     </span>
     <span class='ocr_line' id='line_1_22' title="bbox 70 1908 1628 1987; baseline -0.004 -16"><span class='ocrx_word' id='word_1_153' title='bbox 70 1929 308 1987; x_wconf 83' lang='lat' dir='ltr'>tempora</span> <span class='ocrx_word' id='word_1_154' title='bbox 346 1909 806 1972; x_wconf 84' lang='lat' dir='ltr'>eruditiffima&amp;</span> <span class='ocrx_word' id='word_1_155' title='bbox 829 1908 1213 1972; x_wconf 80' lang='lat' dir='ltr'>excultiffima</span> <span class='ocrx_word' id='word_1_156' title='bbox 1245 1908 1455 1968; x_wconf 82' lang='lat' dir='ltr'>incidit</span> <span class='ocrx_word' id='word_1_157' title='bbox 1498 1930 1517 1975; x_wconf 74' lang='grc' dir='ltr'><strong><em>ς</em></strong></span> <span class='ocrx_word' id='word_1_158' title='bbox 1567 1912 1628 1966; x_wconf 87' lang='lat' dir='ltr'>in</span> 
     </span>
     <span class='ocr_line' id='line_1_23' title="bbox 73 1993 1627 2075; baseline -0.003 -18"><span class='ocrx_word' id='word_1_159' title='bbox 73 1998 297 2075; x_wconf 86' lang='lat' dir='ltr'>quibus</span> <span class='ocrx_word' id='word_1_160' title='bbox 326 1997 581 2057; x_wconf 90' lang='lat' dir='ltr'>eminere</span> <span class='ocrx_word' id='word_1_161' title='bbox 599 2004 654 2057; x_wconf 88' lang='lat'>&amp;</span> <span class='ocrx_word' id='word_1_162' title='bbox 675 1999 957 2055; x_wconf 87' lang='lat' dir='ltr'>excellere</span> <span class='ocrx_word' id='word_1_163' title='bbox 976 2017 1095 2054; x_wconf 90' lang='lat' dir='ltr'>non</span> <span class='ocrx_word' id='word_1_164' title='bbox 1123 1993 1337 2071; x_wconf 76' lang='lat' dir='ltr'>absque</span> <span class='ocrx_word' id='word_1_165' title='bbox 1359 1996 1627 2052; x_wconf 75' lang='lat' dir='ltr'>maximis</span> 
     </span>
     <span class='ocr_line' id='line_1_24' title="bbox 0 2079 1630 2162; baseline -0.005 -21"><span class='ocrx_word' id='word_1_166' title='bbox 0 2107 1 2141; x_wconf 59' lang='lat' dir='ltr'>l</span> <span class='ocrx_word' id='word_1_167' title='bbox 70 2084 269 2160; x_wconf 79' lang='lat' dir='ltr'>ingenii</span> <span class='ocrx_word' id='word_1_168' title='bbox 288 2079 535 2142; x_wconf 83' lang='lat' dir='ltr'>dotibus</span> <span class='ocrx_word' id='word_1_169' title='bbox 559 2088 616 2147; x_wconf 67' lang='grc' dir='ltr'>ὅ(</span> <span class='ocrx_word' id='word_1_170' title='bbox 636 2079 914 2162; x_wconf 81' lang='lat' dir='ltr'>lingulari</span> <span class='ocrx_word' id='word_1_171' title='bbox 932 2083 1144 2139; x_wconf 81' lang='lat' dir='ltr'>virtutis</span> <span class='ocrx_word' id='word_1_172' title='bbox 1165 2094 1630 2158; x_wconf 82' lang='lat' dir='ltr'>temperamento</span> 
     </span>
     <span class='ocr_line' id='line_1_25' title="bbox 73 2159 1631 2242; baseline -0.004 -17"><span class='ocrx_word' id='word_1_173' title='bbox 73 2165 346 2232; x_wconf 77' lang='lat' dir='ltr'>dabatur,</span> <span class='ocrx_word' id='word_1_174' title='bbox 365 2167 560 2224; x_wconf 85' lang='lat' dir='ltr'>Etiam</span> <span class='ocrx_word' id='word_1_175' title='bbox 575 2169 794 2241; x_wconf 82' lang='lat' dir='ltr'>imperia</span> <span class='ocrx_word' id='word_1_176' title='bbox 801 2165 1121 2236; x_wconf 67' lang='lat' dir='ltr'>feminarum</span> <span class='ocrx_word' id='word_1_177' title='bbox 1140 2165 1360 2242; x_wconf 83' lang='lat' dir='ltr'>nuptiis</span> <span class='ocrx_word' id='word_1_178' title='bbox 1381 2159 1499 2221; x_wconf 85' lang='lat' dir='ltr'>fere</span> <span class='ocrx_word' id='word_1_179' title='bbox 1523 2161 1631 2219; x_wconf 89' lang='lat' dir='ltr'>ob-</span> 
     </span>
     <span class='ocr_line' id='line_1_26' title="bbox 73 2245 1632 2327; baseline -0.003 -19"><span class='ocrx_word' id='word_1_180' title='bbox 73 2249 405 2312; x_wconf 79' lang='lat' dir='ltr'>scurantur,</span> <span class='ocrx_word' id='word_1_181' title='bbox 425 2246 744 2327; x_wconf 84' lang='lat' dir='ltr'>laudesque</span> <span class='ocrx_word' id='word_1_182' title='bbox 763 2254 816 2308; x_wconf 83' lang='lat'>&amp;</span> <span class='ocrx_word' id='word_1_183' title='bbox 844 2250 966 2306; x_wconf 61' lang='lat' dir='ltr'>affl</span> <span class='ocrx_word' id='word_1_184' title='bbox 986 2250 1042 2304; x_wconf 89' lang='lat' dir='ltr'>in</span> <span class='ocrx_word' id='word_1_185' title='bbox 1066 2250 1280 2305; x_wconf 67' lang='lat' dir='ltr'>maritos</span> <span class='ocrx_word' id='word_1_186' title='bbox 1309 2245 1632 2303; x_wconf 79' lang='lat' dir='ltr'>transeunt:</span> 
     </span>
     <span class='ocr_line' id='line_1_27' title="bbox 72 2330 1625 2412; baseline -0.005 -20"><span class='ocrx_word' id='word_1_187' title='bbox 72 2335 187 2393; x_wconf 85' lang='lat' dir='ltr'>illis</span> <span class='ocrx_word' id='word_1_188' title='bbox 215 2352 410 2392; x_wconf 84' lang='lat' dir='ltr'>autern</span> <span class='ocrx_word' id='word_1_189' title='bbox 429 2352 560 2410; x_wconf 79' lang='lat' dir='ltr'>quae</span> <span class='ocrx_word' id='word_1_190' title='bbox 583 2330 1123 2412; x_wconf 72' lang='lat' dir='ltr'>innuptae‘degunt‚</span> <span class='ocrx_word' id='word_1_191' title='bbox 1150 2332 1388 2410; x_wconf 73' lang='lat' dir='ltr'>propria</span> <span class='ocrx_word' id='word_1_192' title='bbox 1407 2332 1459 2386; x_wconf 88' lang='lat'>&amp;</span> <span class='ocrx_word' id='word_1_193' title='bbox 1482 2331 1625 2385; x_wconf 66' lang='lat' dir='ltr'>inte·</span> 
     </span>
     <span class='ocr_line' id='line_1_28' title="bbox 74 2409 1634 2498; baseline -0.004 -22"><span class='ocrx_word' id='word_1_194' title='bbox 74 2427 176 2498; x_wconf 78' lang='lat' dir='ltr'>gr&#39;a</span> <span class='ocrx_word' id='word_1_195' title='bbox 198 2420 394 2498; x_wconf 78' lang='lat' dir='ltr'>gloria</span> <span class='ocrx_word' id='word_1_196' title='bbox 412 2434 629 2477; x_wconf 80' lang='lat' dir='ltr'>manet.</span> <span class='ocrx_word' id='word_1_197' title='bbox 670 2421 736 2475; x_wconf 86' lang='lat' dir='ltr'>In</span> <span class='ocrx_word' id='word_1_198' title='bbox 771 2418 928 2474; x_wconf 84' lang='lat' dir='ltr'>illam</span> <span class='ocrx_word' id='word_1_199' title='bbox 949 2435 1091 2473; x_wconf 78' lang='lat' dir='ltr'>vero</span> <span class='ocrx_word' id='word_1_200' title='bbox 1112 2412 1225 2472; x_wconf 80' lang='lat' dir='ltr'>hoc</span> <span class='ocrx_word' id='word_1_201' title='bbox 1245 2414 1427 2492; x_wconf 71' lang='lat' dir='ltr'>magis</span> <span class='ocrx_word' id='word_1_202' title='bbox 1449 2409 1634 2474; x_wconf 74' lang='lat' dir='ltr'>cadit,</span> 
     </span>
     <span class='ocr_line' id='line_1_29' title="bbox 72 2493 1632 2580; baseline -0.004 -20"><span class='ocrx_word' id='word_1_203' title='bbox 72 2499 244 2580; x_wconf 87' lang='lat' dir='ltr'>quod</span> <span class='ocrx_word' id='word_1_204' title='bbox 267 2502 445 2560; x_wconf 90' lang='lat' dir='ltr'>nullis</span> <span class='ocrx_word' id='word_1_205' title='bbox 465 2504 669 2578; x_wconf 76' lang='lat' dir='ltr'>imperii</span> <span class='ocrx_word' id='word_1_206' title='bbox 689 2496 1194 2562; x_wconf 73' lang='lat' dir='ltr'>adminiculismifi</span> <span class='ocrx_word' id='word_1_207' title='bbox 1229 2518 1357 2574; x_wconf 83' lang='lat' dir='ltr'>quae</span> <span class='ocrx_word' id='word_1_208' title='bbox 1387 2497 1504 2575; x_wconf 75' lang='lat' dir='ltr'>ipsa</span> <span class='ocrx_word' id='word_1_209' title='bbox 1522 2493 1632 2557; x_wconf 84' lang='lat' dir='ltr'>fibi</span> 
     </span>
     <span class='ocr_line' id='line_1_30' title="bbox 72 2578 1632 2667; baseline -0.004 -24"><span class='ocrx_word' id='word_1_210' title='bbox 72 2604 532 2667; x_wconf 81' lang='lat' dir='ltr'>comparaverat,</span> <span class='ocrx_word' id='word_1_211' title='bbox 545 2582 900 2646; x_wconf 78' lang='lat' dir='ltr'>fulciebatur</span> <span class='ocrx_word' id='word_1_212' title='bbox 923 2587 1089 2642; x_wconf 86' lang='lat' dir='ltr'>:Non</span> <span class='ocrx_word' id='word_1_213' title='bbox 1102 2585 1273 2662; x_wconf 66' lang='lat' dir='ltr'>frater</span> <span class='ocrx_word' id='word_1_214' title='bbox 1294 2583 1514 2640; x_wconf 67' lang='lat' dir='ltr'>uterinus</span> <span class='ocrx_word' id='word_1_215' title='bbox 1537 2578 1632 2636; x_wconf 84' lang='lat' dir='ltr'>ad-</span> 
     </span>
     <span class='ocr_line' id='line_1_31' title="bbox 73 2665 1630 2747; baseline -0.003 -21"><span class='ocrx_word' id='word_1_216' title='bbox 73 2688 215 2733; x_wconf 80' lang='lat' dir='ltr'>erat,</span> <span class='ocrx_word' id='word_1_217' title='bbox 235 2691 356 2728; x_wconf 89' lang='lat' dir='ltr'>non</span> <span class='ocrx_word' id='word_1_218' title='bbox 375 2684 586 2744; x_wconf 76' lang='lat' dir='ltr'>patruus</span> <span class='ocrx_word' id='word_1_219' title='bbox 610 2708 626 2735; x_wconf 88' lang='lat'>‚</span> <span class='ocrx_word' id='word_1_220' title='bbox 669 2691 787 2728; x_wconf 85' lang='lat' dir='ltr'>non</span> <span class='ocrx_word' id='word_1_221' title='bbox 812 2670 958 2726; x_wconf 74' lang='lat' dir='ltr'>alius</span> <span class='ocrx_word' id='word_1_222' title='bbox 993 2667 1279 2747; x_wconf 74' lang='lat' dir='ltr'>quispiam</span> <span class='ocrx_word' id='word_1_223' title='bbox 1310 2665 1533 2743; x_wconf 67' lang='lat' dir='ltr'>fizmt&#39;lz‘a</span> <span class='ocrx_word' id='word_1_224' title='bbox 1576 2670 1630 2722; x_wconf 82' lang='lat'><strong>&amp;</strong></span> 
     </span>
     <span class='ocr_line' id='line_1_32' title="bbox 71 2747 1637 2833; baseline -0.005 -21"><span class='ocrx_word' id='word_1_225' title='bbox 71 2756 228 2830; x_wconf 57' lang='lat' dir='ltr'>stirpe</span> <span class='ocrx_word' id='word_1_226' title='bbox 261 2764 423 2833; x_wconf 76' lang='lat' dir='ltr'><em>Regta</em></span> <span class='ocrx_word' id='word_1_227' title='bbox 447 2793 462 2818; x_wconf 87' lang='lat'>,</span> <span class='ocrx_word' id='word_1_228' title='bbox 494 2757 598 2832; x_wconf 88' lang='lat' dir='ltr'>qui</span> <span class='ocrx_word' id='word_1_229' title='bbox 618 2758 879 2831; x_wconf 74' lang='lat' dir='ltr'>particeps</span> <span class='ocrx_word' id='word_1_230' title='bbox 900 2755 946 2809; x_wconf 79' lang='lat' dir='ltr'>ei</span> <span class='ocrx_word' id='word_1_231' title='bbox 966 2770 1209 2810; x_wconf 77' lang='lat' dir='ltr'>curarum</span> <span class='ocrx_word' id='word_1_232' title='bbox 1235 2789 1251 2816; x_wconf 89' lang='lat'>,</span> <span class='ocrx_word' id='word_1_233' title='bbox 1293 2755 1344 2807; x_wconf 88' lang='lat'>&amp;</span> <span class='ocrx_word' id='word_1_234' title='bbox 1367 2747 1637 2807; x_wconf 80' lang='lat' dir='ltr'>domina-</span> 
     </span>
     <span class='ocr_line' id='line_1_33' title="bbox 72 2828 1634 2914; baseline -0.01 -13"><span class='ocrx_word' id='word_1_235' title='bbox 72 2840 254 2901; x_wconf 85' lang='lat' dir='ltr'>tionis</span> <span class='ocrx_word' id='word_1_236' title='bbox 281 2833 777 2900; x_wconf 79' lang='lat' dir='ltr'>subfidiurnesset.</span> <span class='ocrx_word' id='word_1_237' title='bbox 829 2834 939 2898; x_wconf 82' lang='lat' dir='ltr'>Sed</span> <span class='ocrx_word' id='word_1_238' title='bbox 960 2841 1015 2896; x_wconf 74' lang='grc' dir='ltr'>ἅτ</span> <span class='ocrx_word' id='word_1_239' title='bbox 1039 2856 1137 2894; x_wconf 86' lang='lat' dir='ltr'>eos</span> <span class='ocrx_word' id='word_1_240' title='bbox 1180 2873 1196 2902; x_wconf 88' lang='lat'>‚</span> <span class='ocrx_word' id='word_1_241' title='bbox 1251 2852 1399 2914; x_wconf 82' lang='lat' dir='ltr'>quos</span> <span class='ocrx_word' id='word_1_242' title='bbox 1419 2831 1534 2913; x_wconf 82' lang='lat' dir='ltr'>ipsa</span> <span class='ocrx_word' id='word_1_243' title='bbox 1562 2828 1634 2888; x_wconf 56' lang='lat' dir='ltr'>ad</span> 
     </span>
    </p>

    <p class='ocr_par' dir='ltr' id='par_1_4' title="bbox 1004 2915 1639 2997">
     <span class='ocr_line' id='line_1_34' title="bbox 1004 2915 1639 2997; baseline -0.011 -18"><span class='ocrx_word' id='word_1_244' title='bbox 1004 2920 1070 2979; x_wconf 85' lang='lat' dir='ltr'><strong>M</strong></span> <span class='ocrx_word' id='word_1_245' title='bbox 1115 2942 1154 2997; x_wconf 81' lang='lat'><strong>4</strong></span> <span class='ocrx_word' id='word_1_246' title='bbox 1517 2915 1639 2973; x_wconf 57' lang='lat' dir='ltr'>He,</span> 
     </span>
    </p>
   </div>
  </div>
 </body>
</html>
