1914 3206
0 0 28 91 f
333 25 439 112 de
464 27 682 108 Sono
702 21 783 104 &
813 15 1156 102 Auditu.
1401 25 1480 101 12
1498 46 1542 132 3

426 234 537 304 De
556 226 982 327 penetratione
992 219 1157 315 fimi.

21 421 259 536 >LApis
283 419 509 505 Aetites
535 410 716 470 habet
736 424 1017 500 tanquam
1051 399 1330 462 nucleum
1365 414 1465 458 aut
1498 418 1560 459 o·

22 562 23 569 ,
123 528 261 570 vum
283 499 492 583 lapidis
512 533 531 564 ‚
564 496 668 574 qui
695 507 947 572 agitatus
968 483 1165 549 reddit
1175 484 1362 564 finum
1383 479 1564 541 obtu-

21 588 186 662 'sum3
222 595 374 650 Item
390 571 920 644 tintinnabula,sed
938 574 1117 652 longe
1135 568 1443 631 clariorem
1468 601 1487 632 2
1524 563 1568 627 fi

33 676 211 739 detur
225 675 387 736 rima.

110 759 457 837 Inquiratur
482 750 555 810 ab
588 741 1007 810 Urinatoribus
1053 777 1072 806 ‚
1113 736 1155 798 si
1185 737 1436 795 omnino
1474 752 1573 793 au·

32 842 201 907 diant
219 836 417 901 subter
431 852 642 914 aquarn
664 867 683 896 ‚
723 827 1041 910 praesertim
1073 817 1534 902 profundiorem
1550 834 1574 882 ς

32 946 213 1008 atque
235 921 573 1001 inquiratur
589 917 760 995 plane
789 926 1110 987 utrumque
1130 925 1149 972 3
1198 922 1320 962 non
1340 918 1576 962 tantum

20 1011 238 1072 'utrum
262 1003 504 1066 audiant
508 1005 696 1082 sonum
717 995 970 1074 aliquem
989 991 1064 1052 de
1081 991 1248 1069 supra
1270 1024 1288 1053 ,
1333 988 1441 1064 qui
1458 983 1576 1046 edi·

33 1112 133 1156 tur
149 1095 209 1152 in
232 1111 360 1150 aere
382 1127 400 1155 ‚
449 1083 546 1146 sed
568 1087 743 1144 etiam
765 1097 967 1139 utrum
1002 1071 1244 1134 audiant
1264 1066 1581 1152 percuflio-

32 1198 170 1240 nem
189 1175 457 1253 corporis
481 1187 645 1246 aquae
661 1167 816 1224 intra
834 1157 1040 1240 aquam
1060 1194 1078 1223 ‚
1095 1156 1200 1216 ubi
1220 1175 1342 1213 non
1366 1150 1445 1212 est
1463 1173 1577 1213 aer.

32 1264 330 1342 Expertus
348 1254 464 1314 hoc
484 1253 609 1313 sum
643 1250 701 1318 in
724 1247 936 1307 balneo
953 1238 1407 1303 :demittebatur
1430 1239 1582 1296 Situ-

16 1348 92 1408 'la
109 1347 261 1405 bene
279 1359 457 1421 capax
475 1357 494 1404 ς
517 1337 596 1395 ita
618 1350 814 1393 autem
831 1325 1258 1390 demittebatur
1277 1342 1382 1381 ore
1401 1323 1587 1380 inver-

36 1431 100 1490 so
124 1429 180 1487 in
202 1423 542 1504 aequilibrio
558 1457 576 1485 2
623 1434 691 1478 ut
710 1414 959 1474 omnino
978 1411 1037 1471 in
1057 1427 1321 1469 concavo
1357 1403 1466 1466 suo
1486 1400 1587 1463 de-

16 1510 219 1594 errret
236 1508 431 1569 secum
452 1523 641 1575 aerem
661 1500 863 1560 subter
894 1515 1104 1576 aquam
1125 1491 1195 1553 acl
1214 1486 1591 1555 altitudinem

13 1598 244 1681 ‘palmae
274 1593 446 1653 unius
467 1613 483 1649 ε
522 1588 720 1666 Atque
738 1580 809 1643 ad
827 1580 985 1642 hunc
1002 1576 1252 1639 modum
1277 1572 1593 1636 tenebatur

39 1681 212 1743 fitula
231 1674 501 1738 manibus
519 1665 775 1750 depreffa
792 1703 811 1733 ‚
831 1685 904 1725 ne
919 1676 1395 1725 everteretur-aut
1414 1658 1596 1719 resur-

40 1780 209 1848 geret
242 1788 257 1825 :
291 1778 418 1821 tum
436 1757 724 1820 Urinator
755 1748 1045 1810 inserebat
1083 1763 1261 1827 caput
1296 1746 1354 1821 in
1387 1760 1597 1801 concas

13 1899 15 1903 .
39 1868 183 1910 vum
201 1846 409 1910 fimlae,
427 1849 484 1904 &
507 1839 866 1917 loquebatur
881 1858 896 1893 z
910 1829 1356 1891 Exaudiebatur
1374 1847 1496 1886 vox
1514 1826 1594 1883 lo·

43 1932 304 2014 quenti53
324 1928 498 1988 etiam
519 1925 706 1986 sermo
724 1917 1170 1998 intelligebatur
1200 1909 1557 1971 articulatim
1578 1949 1598 1974 ,

13 2035 15 2041 ’
44 2015 145 2081 sed
161 2016 453 2077 mirumin
478 2005 730 2070 modum
747 2019 953 2064 acutus
977 2036 995 2067 ‚
1013 2004 1064 2059 ὅ(
1086 1994 1257 2056 instar
1282 1993 1437 2055 sibili
1455 1990 1600 2060 fere,

47 2102 235 2181 qualis
255 2099 315 2159 in
335 2113 663 2178 pupparum
686 2086 834 2149 ludo
855 2079 1258 2146 voxexaudiri
1277 2079 1440 2139 solet.

10 2183 15 2249 Ῐ
133 2182 475 2264 Inquiratur
492 2173 644 2236 illud
661 2173 895 2252 exactet,
945 2169 1014 2227 ut
1037 2163 1324 2226 reddatur
1346 2161 1601 2223 omnino

49 2268 368 2356 positivum
384 2302 403 2329 ‚
419 2279 620 2322 utrum
640 2252 811 2340 poffit
833 2251 1099 2334 generari
1105 2249 1265 2328 fimws
1291 2244 1396 2306 nifi
1414 2243 1482 2305 fit
1508 2264 1605 2305 aer

12 2388 15 2394 ¹
51 2360 207 2419 inter
225 2351 557 2436 percutiens
574 2350 630 2405 ὃς
661 2331 986 2424 percuffum
1006 2353 1242 2416 corpus.
1284 2331 1490 2390 Veluti
1510 2326 1610 2389 de-

53 2442 367 2502 mittantur
389 2430 513 2492 duo
531 2428 711 2511 lapilli
727 2419 969 2508 penfiles
1002 2439 1102 2500 per
1120 2415 1288 2476 filum
1308 2414 1367 2473 in
1385 2414 1605 2494 pelvim

0 2524 13 2612 js
55 2543 221 2604 aquae
240 2558 258 2586 ‚
298 2520 388 2578 vel
409 2514 629 2575 flumen
650 2548 669 2579 ‚
707 2515 761 2569 &
781 2508 1082 2589 agitentur
1102 2520 1169 2561 ut
1187 2499 1522 2582 percutiant
1547 2498 1603 2559 se

0 2621 12 2667 ἰ.
38 2606 314 2668 invicem
334 2604 393 2661 in
411 2596 612 2661 medio
634 2615 799 2675 aquae
823 2611 842 2660 3
868 2592 980 2650 Vel
999 2587 1269 2647 mittatur
1287 2578 1518 2664 forceps
1556 2601 1611 2643 a·

0 2682 13 2774 'l
58 2707 258 2775 pertus
283 2690 342 2747 in
360 2682 626 2745 medium
644 2677 829 2758 aque,
851 2672 1009 2734 &ibi
1032 2666 1375 2732 claudatur:
1404 2672 1457 2725 δε
1503 2684 1611 2724 no-

0 2775 13 2869 }
42 2782 218 2849 *tetur
236 2787 436 2837 utrum
456 2765 590 2857 edat
607 2767 858 2855 senum,
896 2762 953 2825 δι
1003 2757 1263 2848 qualem.
1305 2745 1610 2897 Equidgp

1423 2852 1517 2901 ssXl
1571 2854 1613 2895 1·.
