1898 3139
327 31 420 112 32
755 0 1096 78 Historia
1136 0 1388 71 Densi

319 120 680 214 nemesium,
712 119 995 215 refidunt,
1019 118 1314 204 rarefiunt
1336 171 1352 197 ‚
1380 118 1844 209 condenstmtur,

323 225 679 288 dilatantur,
703 213 1191 282 contrahuntur,
1226 214 1535 291 majorem
1558 266 1574 291 ‚
1627 216 1836 280 mino„

321 338 462 383 rem
488 317 710 378 locum
729 327 1076 395 occupant,
1098 308 1524 387 accuratiu5‚fi
1548 308 1682 373 fieri
1701 310 1843 395 pos-

321 414 413 490 sit,
436 408 892 493 inquirendum
913 435 929 481 3
967 407 1113 486 quia
1130 401 1516 469 frustuofior
1531 404 1612 467 est
1631 407 1846 494 Inqui-

303 509 479 597 sitio,
497 505 819 575 Naturam
847 496 1030 562 fimul
1054 499 1117 560 δε
1136 499 1456 579 revelans,
1517 501 1580 563 ὅ(
1598 519 1841 587 regens·

323 603 630 667 Attamen
649 595 915 681 carptim
951 591 1244 670 facienda
1280 591 1366 657 est
1384 594 1691 684 Inquzsttio
1708 591 1846 680 ssa,

326 701 391 763 ὃ(
416 691 663 761 cutfim.
719 688 834 754 Iste
855 689 1026 753 enim
1045 686 1313 757 Titulus,
1335 687 1414 752 de
1431 686 1621 781 Denso
1644 694 1708 753 ὅ(
1738 699 1846 752 Ra-

326 816 416 870 ro,
453 809 583 856 tam
608 785 915 871 generalis
935 782 1020 846 est
1043 833 1063 860 ,
1093 802 1161 848 ut
1183 782 1226 847 fi
1244 784 1520 870 plenarie
1537 782 1848 850 dedqus

325 888 494 954 foret
520 935 537 962 ‚
557 882 760 946 multa
777 901 851 945 ex
874 878 1280 962 sequentibus
1307 887 1368 945 T
1358 878 1533 943 itulis
1552 880 1846 968 anticipa-

327 998 501 1046 turus
518 976 683 1046 effet‚
709 973 899 1059 quod
918 972 1052 1041 fieri
1073 994 1212 1038 non
1231 991 1514 1062 oportet.

907 1166 1183 1225 Monitum.
1252 1152 1274 1227 J

329 1354 536 1459 NOn
556 1345 792 1415 difficile
811 1348 986 1408 nobis
1019 1345 1491 1425 forem-Historiam
1511 1390 1529 1414 ,
1546 1365 1719 1424 quam
1737 1343 1850 1421 jam

436 1432 875 1514 subjungemus,
893 1432 1231 1512 sparsam‚iu
1252 1430 1522 1501 ordinem
1542 1430 1852 1488 meliorem

330 1525 534 1598 (quam
572 1538 684 1596 qua
732 1514 810 1575 ufi
852 1515 1043 1574 sumus
1064 1551 1081 1579 ‚
1128 1522 1154 1586 )
1205 1512 1474 1596 redigere
1513 1551 1532 1579 ‚
1559 1512 1851 1590 instantias

333 1623 464 1680 qua:
490 1604 641 1660 iuter
660 1600 715 1659 se
735 1594 928 1658 affines
952 1597 1082 1656 sunt
1111 1595 1278 1657 fimul
1316 1595 1696 1658 collocando,
1779 1595 1851 1657 Id

333 1683 606 1745 consulto
631 1683 969 1742 evitavimus
987 1717 1002 1746 ‚
1024 1678 1248 1760 duplici
1274 1681 1503 1740 ratione
1522 1684 1689 1741 moti.
1736 1683 1855 1741 Pri-

334 1788 434 1825 mo
471 1804 488 1832 ‚
545 1763 713 1845 quod
735 1765 931 1824 multae
969 1783 1041 1822 ex
1056 1765 1319 1823 Instantiu
1346 1763 1614 1843 ancipitis
1633 1777 1849 1822 naturae

335 1848 443 1908 fint
465 1887 482 1914 ‚
511 1854 563 1908 &
584 1847 840 1928 adfplura
858 1846 1134 1926 specstent.
1192 1851 1396 1926 Itaque
1420 1847 1555 1905 Ordo
1591 1862 1852 1905 accuratus

332 1938 393 1991 in
414 1929 696 2009 ejusmodi
714 1931 880 1989 rebus
901 1947 1000 1987 aut
1023 1931 1191 1989 iterat
1213 1966 1231 1994 2
1256 1947 1355 1990 aut
1378 1923 1545 1989 fallit·
1600 1929 1853 2002 Deinde,

333 2012 424 2081 (id
443 2012 608 2092 quod
643 2013 936 2093 praecipue
972 2013 1032 2071 in
1066 2013 1229 2071 causa
1247 2010 1363 2073 fuit
1384 2052 1401 2080 ‚
1434 2034 1537 2072 cur
1564 2012 1595 2070 a
1613 2013 1851 2082 Methodo

337 2098 530 2175 aliqua
563 2099 757 2155 exae’ta
794 2093 1260 2164 abhorreremus)
1288 2094 1400 2156 hoc
1419 2095 1586 2176 quod
1606 2100 1852 2178 agimus,

338 2179 606 2238 omnium
627 2175 926 2237 Industriae
947 2176 1018 2237 ad
1033 2180 1431 2239 Imitationem
1463 2197 1657 2260 patere
1687 2183 1851 2238 volu-

336 2282 484 2328 mus,
557 2259 746 2336 Qod
775 2259 814 2319 fi
832 2260 1072 2320 Methodo
1087 2261 1277 2340 aliqua
1306 2264 1562 2342 arttficiali
1599 2269 1649 2322 δι
1670 2263 1850 2342 illustri

335 2346 613 2404 colleffio
635 2343 734 2402 ista
751 2343 1121 2421 Instantiarum
1141 2364 1403 2408 connexa
1423 2341 1635 2411 fuisset,
1655 2345 1849 2426 despe-

335 2424 538 2487 rassent
557 2425 958 2509 proculdubio
975 2429 1301 2517 complures
1320 2465 1339 2494 ‚
1372 2430 1428 2490 se
1459 2427 1744 2505 ejusmodi
1762 2440 1852 2490 In·

337 2506 846 2590 quifitionemfacere
864 2505 1133 2590 potuisse.
1223 2513 1423 2592 Qare
1461 2518 1517 2573 &
1534 2516 1850 2589 Exnnpla&

336 2599 535 2655 Manita
550 2613 818 2653 cavemus
838 2637 857 2660 ‚
898 2611 965 2653 ut
993 2594 1238 2675 quisque
1266 2599 1326 2653 in
1346 2594 1599 2676 Instanti&
1618 2617 1851 2677 ,compa-

328 2677 603 2741 randis&
618 2676 1019 2763 proponendis
1056 2677 1163 2747 suo
1183 2675 1417 2744 Iudicio
1445 2722 1465 2748 ,
1492 2681 1603 2769 luae
1625 2680 1853 2740 Memo-

1730 2782 1850 2829 rlaea
