1914 3206
432 31 536 124 de
570 35 790 116 sono
823 40 905 124 &
932 40 1282 131 Audituj
1510 84 1631 146 143

100 169 251 234 fin,
288 164 390 234 sed
405 185 512 250 per
546 166 805 251 appofita
844 178 1244 252 Experimenta‚
1286 188 1342 245 &
1365 185 1643 254 instantias

60 267 64 271 '
99 275 274 318 cruca.

30 516 34 524 ·
96 486 239 582 De
276 494 882 575 ,communicatione
940 502 1123 579 aeris
1161 509 1477 618 percuſsi
1561 520 1641 599 &

215 604 370 714 elfi
424 634 608 690 cum
673 640 854 693 aere
911 616 992 696 8<
1036 625 1520 732 corporibus

304 723 431 809 vel
459 723 866 839 spiritibus
897 733 1248 842 ipsorum
1274 772 1435 830 am-

382 858 385 860 ’
665 848 1099 938 bientibus.

87 1093 197 1205 IN
215 1102 586 1182 percuffione
604 1126 893 1190 campanae
929 1158 946 1180 ,
980 1117 1125 1195 sonus
1167 1118 1362 1182 editus
1385 1141 1488 1203 per
1524 1143 1650 1206 per-

140 1184 463 1250 cuffionem
502 1211 797 1273 campanae
851 1217 987 1256 cum
1033 1201 1245 1262 malleo
1282 1204 1353 1265 ab
1386 1220 1547 1269 extra
1590 1219 1650 1273 &

90 1289 229 1330 curn
249 1272 517 1334 Embolo
539 1274 611 1336 ad
638 1278 791 1338 intra
809 1278 1062 1360 ejusdem
1082 1282 1163 1344 est
1197 1290 1343 1349 toni.
1390 1291 1560 1354 Adeo
1582 1314 1652 1357 ut

77 1357 230 1436 fimus
247 1355 521 1419 redditus
540 1380 644 1441 per
660 1361 1093 1443 percuffionem
1129 1370 1201 1431 ab
1242 1390 1406 1435 extra
1454 1423 1472 1445 ,
1523 1398 1650 1438 non

89 1436 271 1520 poffit
307 1448 576 1522 generari
609 1466 715 1528 per
751 1448 1124 1513 collifionem
1160 1460 1306 1516 aeris
1343 1463 1497 1522 inter
1517 1465 1655 1522 mal-

90 1523 251 1583 leum
268 1530 328 1586 δι
345 1531 564 1588 extima
581 1549 819 1612 campan
830 1555 896 1600 ae3
924 1534 1422 1620 quandoquidem
1440 1543 1653 1607 habeat

88 1609 351 1669 rationes
370 1608 443 1671 ad
463 1633 793 1674 concavum
811 1638 1101 1701 campanae
1124 1624 1196 1684 ab
1219 1624 1391 1689 intra.
1407 1630 1486 1691 Et
1503 1629 1544 1691 fi
1566 1629 1654 1689 fo-

36 1692 39 1693 ’
87 1706 182 1752 ret
205 1693 420 1755 lamina
435 1698 608 1777 plana
629 1701 755 1760 aeris
786 1742 804 1766 ‚
827 1722 950 1763 non
970 1725 1301 1770 concavum
1323 1713 1653 1797 quippiam,

88 1775 236 1835 alius
256 1782 481 1860 opinor
496 1775 834 1860 foretsonus.

175 1862 234 1920 Si
253 1857 438 1924 fuerit
455 1868 603 1926 rima
637 1868 698 1926 in
721 1889 1000 1952 campana
1032 1911 1048 1939 ³
1072 1874 1272 1940 reddit
1296 1879 1508 1941 sonum
1529 1904 1654 1945 rau·

85 1961 386 2010 cummon
404 1947 764 2024 jucundum,
778 1975 881 2014 aut
906 1975 1166 2037 gratum.

179 2028 723 2114 Videndum2quid
744 2034 919 2099 faciat
941 2044 1238 2124 corporis,
1260 2046 1428 2125 quod
1451 2069 1654 2132 percu-

85 2116 262 2181 titur,
275 2112 595 2180 craffitudo
615 2117 686 2181 ad
698 2123 906 2200 fimum,
923 2130 981 2187 δε
1001 2148 1128 2205 quo
1152 2130 1337 2210 usque
1367 2152 1387 2199 3
1440 2138 1645 2203 veluti,

85 2199 128 2262 fi
150 2192 411 2276 ejusdem
432 2208 681 2264 concavi
705 2227 820 2265 una
840 2228 1119 2290 campana
1136 2210 1207 2273 fit
1226 2212 1486 2287 craffior,
1517 2222 1653 2280 alte-

86 2306 148 2347 ra
169 2287 430 2345 tenuior.
483 2288 775 2368 Expertus
801 2289 926 2351 sum
944 2292 1002 2352 in
1020 2313 1297 2377 campana
1345 2319 1416 2360 ex
1446 2308 1613 2365 Auro
1635 2349 1653 2371 ,

86 2388 214 2430 eam
234 2365 485 2429 reddere
504 2370 716 2431 sonum
742 2378 1130 2438 excellentem
1141 2379 1348 2445 ‚nihilo
1368 2386 1653 2465 pejorem,

85 2454 212 2514 imo
234 2447 572 2520 meliorem,
590 2477 767 2536 quam
792 2479 1132 2543 campanam
1151 2470 1488 2548 argenteam
1507 2508 1525 2538 ‚
1547 2492 1648 2535 aut

83 2555 326 2613 aeneam,
374 2538 653 2614 Attamen
675 2562 953 2606 nummus
975 2567 1182 2610 aureus
1220 2571 1343 2612 non
1363 2568 1480 2614 tarn
1501 2555 1651 2618 bene

84 2616 269 2682 tinnit
285 2640 465 2700 quam
487 2634 838 2706 argenteum}

164 2705 550 2773 Doliavacua
578 2708 842 2773 reddunt
848 2717 1033 2793 sonum
1065 2714 1440 2799 profundum
1475 2730 1534 2786 &
1564 2722 1651 2785 so-

85 2806 328 2873 norum,
355 2793 577 2872 repleta
594 2791 875 2860 hebetem
896 2806 952 2884 356
975 2818 1312 2875 mortuum.

1570 2894 1650 2957 At
