1914 3206
529 30 610 112 &
650 24 845 105 Rari
879 86 902 127 ‚
942 23 1090 104 &e
1529 19 1592 111 ists

59 179 211 246 ratio
232 179 542 252 appareret.
593 163 757 222 Turn
794 157 961 216 cubos
1011 152 1267 234 ejusdem
1302 156 1596 236 magnitun

2 309 10 334 ι
61 252 237 325 dinis,
251 255 362 316 five
379 244 621 312 dimenfi
640 282 657 310 ‚
676 241 802 303 fieri
821 237 1093 305 fecimus,
1108 240 1165 298 in
1189 239 1469 299 omnibus
1486 257 1592 298 ma·

1 350 6 415 i
61 348 205 407 teriis
226 344 289 400 in
327 337 532 396 Fabula
579 324 921 410 specificatis
958 343 1090 402 quae
1133 321 1451 382 seffionem
1472 322 1593 404 pati

0 431 6 516 θ’
59 421 329 511 poffent3
375 414 665 496 Liquoribus
679 431 822 473 vero
853 429 926 469 ex
948 424 1217 488 tempore
1244 402 1327 464 usi
1363 405 1590 474 sumus,

0 517 4 602 j
61 505 369 591 implendo
383 501 601 563 scilicet
615 496 862 560 fitulam,
877 492 1192 572 quousque
1205 495 1394 568 Liquor
1415 487 1489 549 ad
1504 493 1598 550 lo-

0 609 3 662 Ι
63 616 200 659 cum
215 594 383 652 illum
402 590 560 645 Linea
579 582 871 664 lignatum
890 575 1244 639 ascenderet.
1293 575 1600 636 pulveribus

0 671 3 766 l
64 677 279 754 ‚eodem
299 671 504 734 modo.
557 665 671 726 Sed
689 663 1102 744 intelligantur
1124 663 1395 721 Pulveres
1416 659 1603 719 maxi-

63 784 157 824 me
174 757 485 821 &fortiter
501 745 827 832 compreffi.
873 748 1009 806 Hoc
1037 746 1191 805 enirn
1235 739 1605 824 potiffimum

60 846 139 907 ‘ad
157 844 551 924 aequationern
571 835 861 917 pertinet,
880 850 987 891 nec
1005 827 1111 892 cas
1102 850 1199 889 um
1221 828 1452 909 recipit.
1490 831 1609 891 Ita-

66 952 205 1012 que,
221 946 343 988 non
361 925 466 983 alia
489 918 604 980 fuit
622 918 865 979 Probatio
886 950 903 982 ‚
932 934 1113 995 quam
1147 930 1214 974 ut
1233 933 1349 974 una
1367 911 1606 991 exfitulis

66 1033 247 1076 vacua
272 1014 332 1070 in
352 1029 464 1067 una
480 1011 622 1068 lance
639 1044 655 1070 ‚
697 1006 876 1063 altera
892 1019 1030 1060 cum
1072 1018 1325 1081 corpore
1344 999 1405 1055 in
1429 998 1609 1060 altera

69 1105 210 1161 lance
225 1109 543 1176 poneretur
561 1111 580 1157 ς
626 1096 682 1150 &
701 1087 854 1149 ratio
871 1079 1158 1164 ponderi-s
1185 1083 1450 1162 corporis
1469 1101 1610 1142 con-

71 1182 219 1244 tenti
237 1199 338 1260 per
356 1174 408 1236 se
426 1176 815 1256 exciperetur.
844 1171 1098 1245 Qanto
1118 1187 1258 1227 vero
1278 1165 1470 1243 pondus
1487 1177 1613 1228 Cor-

68 1268 208 1346 poris
223 1262 441 1340 pondere
463 1261 591 1319 Auri
619 1253 697 1316 est
719 1257 912 1314 minus
935 1289 953 1319 ‚
989 1265 1156 1312 tanto
1176 1254 1488 1327 exporrefflo
1513 1271 1616 1311 cor-

69 1354 206 1431 poris
227 1345 306 1408 est
324 1347 701 1422 exporreaione
720 1340 845 1399 Auri
885 1332 1087 1414 major.
1115 1334 1386 1416 Exempli
1408 1341 1618 1416 gratia,

74 1457 212 1514 cum
233 1434 359 1491 Auri
379 1433 473 1491 ille
498 1432 551 1488 C
561 1429 711 1488 ubus
735 1422 837 1484 det
859 1423 1070 1483 Vnciam
1088 1420 1507 1502 unam2Myrrhae
1526 1443 1618 1484 ve-

75 1543 144 1583 ro
167 1520 455 1576 Denarium
474 1512 878 1587 unum31iquet
906 1543 924 1571 ‚
959 1507 1384 1581 exporrebzionem
1403 1502 1622 1589 Myrrha

76 1603 151 1666 ad
190 1601 618 1679 exponeffionem
677 1593 808 1652 Aur-i
852 1588 1068 1650 habere
1136 1593 1431 1649 rationem
1472 1592 1620 1651 vice.

77 1689 350 1769 cuplam:
386 1702 454 1744 ut
469 1683 649 1744 vicies
677 1679 810 1758 *plus
836 1676 1069 1734 Materia
1091 1671 1158 1734 fit
1194 1674 1254 1733 in
1284 1682 1420 1732 Auro
1441 1693 1624 1753 quam

57 1766 141 1835 fin
169 1767 410 1855 Myrrha,
431 1770 491 1827 in
513 1766 683 1827 simili
702 1761 913 1842 spati03
932 1760 1155 1825 rursus,
1178 1758 1354 1819 vicies
1377 1757 1507 1836 plus
1529 1777 1623 1818 ex-

80 1854 478 1940 porreffionis
498 1851 564 1912 fit
585 1852 642 1909 in
664 1845 891 1930 Myrrha
913 1863 1093 1923 quam
1122 1846 1185 1904 in
1209 1842 1431 1910 Anubin
1452 1839 1623 1902 fimili

87 1941 324 2019 pondere,

728 2101 952 2176 Manita.

101 2296 150 2339 1.
175 2271 479 2389 PArvitas
496 2269 634 2332 valis
653 2290 780 2348 quo
800 2266 884 2329 ufi
906 2269 939 2331 s
933 2284 1122 2332 umus,
1146 2271 1199 2327 8(
1221 2264 1411 2326 forma
1435 2262 1634 2325 etiam,

253 2362 418 2435 (licet
449 2358 520 2416 ad
554 2356 722 2415 Cubos
759 2355 894 2412 illos
929 2348 1301 2432 recipiendos
1329 2346 1536 2409 habilis
1576 2351 1635 2407 &

94 2453 273 2528 apta‚)
295 2440 366 2503 ad
394 2446 652 2503 rationes
677 2434 987 2518 exquifitas
1019 2432 1407 2496 verificandas
1442 2429 1636 2493 minus

99 2529 334 2613 propria
362 2525 496 2586 fuit.
549 2529 695 2585 Nam
718 2543 823 2586 nec
841 2521 1114 2583 minutias
1143 2518 1294 2580 infra
1312 2520 1483 2580 Grani
1502 2533 1642 2594 qua-

101 2611 370 2673 drantem
389 2607 560 2670 facile
583 2610 850 2689 excipere
876 2606 1090 2667 licebat
1109 2625 1249 2672 3nec
1267 2602 1552 2685 quadrata
1573 2597 1640 2655 il·

101 2698 154 2757 la
181 2693 506 2778 superficies
535 2695 594 2753 in
612 2713 823 2774 parvo,
841 2712 949 2754 nec
970 2687 1219 2751 sensibili
1243 2689 1470 2752 ascensu
1485 2722 1503 2750 ³
1525 2679 1638 2742 five

106 2777 422 2866 ¹altitudine
457 2816 474 2847 ,
512 2777 832 2862 nqtabilem
861 2775 1088 2858 ponderis
1118 2770 1642 2909 differentiamhtra·

579 2900 583 2903 «
864 2874 867 2877 ·
1546 2867 1641 2910 ere
