1914 3206
440 33 519 111 &
544 28 775 131 Rari,
833 27 980 105 &a
1401 36 1540 119 ¹03

22 181 172 248 huic
190 167 548 240 Dilatationi
573 162 917 246 (quatenus
942 152 1018 216 ad
1043 145 1540 234 simplicitatem)

21 275 107 343 est
128 265 403 362 Expansto
425 314 441 342 ‚
476 280 615 345 quae
633 258 697 320 fit
725 257 788 317 in
826 246 1256 338 colliquatt‘one
1284 235 1547 301 metal-

22 373 237 439 lorum,
259 363 447 429 autin
471 350 846 421 Emollttione
866 358 970 412 Fer
986 345 1042 407 ri
1059 343 1124 404 <Sc
1148 349 1300 401 Cerae
1319 377 1334 400 ,
1389 335 1452 395 ἃ
1472 333 1548 397 ss-

23 468 276 534 milium
299 505 313 528 ,
367 452 447 518 ad
467 466 718 536 tempus
738 490 752 514 ,
811 456 1153 523 antequam
1188 429 1427 511 aliquid
1445 428 1551 490 fiat

23 557 299 632 volatile,
324 554 387 614 ὅ(
409 549 753 612 emittatur.
807 540 1060 604 Verum
1095 527 1229 593 haee
1247 521 1548 591 Dzlatatz'o

25 654 287 724 occulta
305 645 387 712 est
403 690 417 714 ‚
478 646 543 707 &
564 641 632 709 fit
650 641 804 703 intra
823 628 1084 698 claustra
1101 621 1369 716 Corporis
1393 621 1550 685 inte-

19 748 241 846 gradis,
269 763 389 809 nec
408 736 726 804 visibiliter
746 723 1311 817 Exporreffionem
1345 730 1554 780 mutat

27 868 140 914 aut
163 842 443 929 ampliat.
498 828 880 896 Atfimulae
913 820 1173 904 incipiat
1192 818 1253 878 in
1279 829 1555 896 corpore

29 949 248 1029 aliquo
270 934 597 1022 quippiam
620 922 897 998 evolare,
917 934 1056 982 tum
1079 910 1385 977 Astiones
1399 906 1559 976 fiunt

32 1037 460 1125 complicatae,
477 1027 703 1114 partim
719 1015 1164 1099 rarefacientes,
1183 1004 1410 1091 partim
1424 1023 1558 1064 con-

32 1130 350 1202 trahentes
377 1148 389 1191 :
416 1126 584 1187 adeo
622 1134 692 1180 ut
722 1107 1074 1178 Contratiae
1110 1103 1226 1166 illae
1252 1097 1562 1162 Astiones

32 1232 234 1325 Ignis,
255 1217 617 1309 quaevulgo
646 1223 948 1275 notantur
972 1254 990 1281 ‚

103 1332 107 1335 ’
231 1323 447 1386 Limus
470 1330 538 1377 ut
553 1307 653 1377 hzssc
671 1297 927 1392 durescit
959 1350 978 1378 ,
1030 1284 1106 1366 ά
1121 1288 1239 1359 haec
1255 1308 1324 1356 ut
1343 1310 1474 1356 cera
1492 1286 1565 1354 li-

455 1403 703 1501 qucfiit,

278 1522 402 1577 Vno
419 1501 737 1591 eodemque
756 1495 913 1588 igni,

42 1614 109 1678 in
127 1606 261 1672 hoc
280 1601 626 1670 fundentur
666 1646 683 1673 ‚
736 1591 921 1677 quod
953 1589 1018 1651 in
1037 1585 1221 1651 altera
1221 1577 1487 1672 spiritus
1513 1594 1573 1638 e-

46 1706 346 1781 mittitur,
377 1703 440 1764 in
462 1696 657 1759 altera
673 1691 1009 1754 detinetur.

146 1788 535 1884 Condensatio
562 1808 704 1873 quae
718 1783 790 1848 fit
811 1801 922 1868 per
936 1791 1173 1868 Ignem,
1195 1774 1340 1836 lieet
1357 1785 1490 1829 non
1509 1761 1579 1825 sit

46 1887 611 1992 'pseudo-densatio
664 1879 779 1963 (est
817 1879 990 1942 enim
1022 1864 1457 1943 (ubstantialis)
1493 1877 1578 1922 ta·

53 2015 204 2063 men
227 1990 313 2057 est
334 1977 716 2071 Condensatio
735 1977 944 2061 potius
977 1964 1332 2032 secundum
1370 1955 1585 2018 Partes

56 2109 253 2179 quam
287 2080 639 2150 seeundum
670 2075 950 2137 Totum.
1001 2065 1179 2128 Nam
1199 2047 1587 2123 contrahun-

60 2206 163 2254 tur
183 2198 350 2252 certe
372 2193 578 2268 partes
595 2166 948 2241 crassior-«353
982 2163 1063 2223 ita
1089 2174 1332 2222 tamen,
1357 2165 1424 2210 ut
1444 2163 1583 2211 cor„

62 2304 182 2372 pus
221 2283 547 2362 integrum
579 2264 873 2330 reddatur
906 2257 1106 2340 magis
1134 2266 1371 2316 cavum
1391 2245 1456 2305 ὅ(
1477 2259 1589 2326 ραι

67 2376 300 2455 rosum,
323 2375 388 2438 ὃ(
407 2372 616 2435 minus
643 2350 1102 2448 ponderosum.

853 2688 1010 2765 (34
1222 2710 1225 2711 ⁷
1326 2681 1330 2684 ’
1504 2685 1614 2733 Ca·
