1914 3206
351 31 453 115 de
480 30 696 112 Sono
723 26 806 110 &
830 23 1169 110 Audim-
1441 57 1575 129 127

34 170 145 240 limi.
183 175 277 236 Ut
304 160 680 229 manifestum
721 160 789 222 fit
808 178 998 224 totam
1027 163 1186 223 illam
1221 166 1586 228 articulatio-

46 277 160 321 κω
175 257 291 338 soni
322 246 539 312 deferri
572 249 863 325 integram
912 265 1017 327 per
1063 246 1413 310 minusculas
1457 251 1585 313 illas

45 356 212 403 >artes
231 339 399 404 aeris,
417 351 536 393 non
555 328 749 391 minus
789 350 967 410 quam
989 327 1031 389 fi
1050 348 1143 392 aer
1159 326 1297 392 effet
1315 332 1584 413 undique

44 441 280 507 apertus-

30 571 31 586 ξ
102 499 555 568 Attendendum
586 513 787 558 tamen
827 493 930 563 est,
949 515 1154 560 utrum
1170 499 1289 580 fimi
1325 496 1474 559 editi
1510 520 1584 561 ex

42 588 382 672 ›alsationibus
440 581 772 662 majoribus
830 585 976 642 aeris
1032 587 1260 663 (quales
1308 581 1463 644 fiunt
1511 603 1595 648 ex,

41 672 485 756 iisplofionibus
530 662 1050 746 bombardarum)
1104 688 1226 727 non
1261 665 1588 728 deveniant

39 759 302 824 exiliores
343 775 481 816 cum
538 752 761 810 intrent
779 750 879 809 illa
896 770 1070 830 parva
1088 746 1399 813 foramina.
1440 751 1587 811 Sub·

26 844 269 918 ¹tilitates
290 839 690 918 enimsonorum
707 828 865 892 forte
918 834 1135 894 intrare
1170 833 1412 916 possunt
1458 854 1584 895 non

26 923 289 986 'zonfusae
314 960 335 990 ‚
363 921 462 981 sed
478 916 781 981 universus
801 913 1007 1000 fragor
1031 920 1404 1001 neutiquam.
1488 921 1585 980 De

26 1015 144 1070 'noc
167 1007 506 1087 inquiratur
522 1001 794 1063 ulterius·

110 1093 294 1156 Radii
329 1106 651 1171 corporum
686 1081 1005 1146 visibilium
1041 1105 1164 1144 non
1196 1082 1423 1150 feriunt
1468 1087 1586 1149 stn-

22 1177 173 1244 ⁴vsum,
190 1171 294 1234 nifi
313 1170 656 1234 deferantur
673 1187 775 1249 per
795 1165 1070 1227 Medium
1090 1169 1150 1228 in
1171 1167 1465 1234 direfimm
1496 1177 1587 1244 3&

34 1256 403 1340 interpofitio
424 1252 694 1336 corporis
715 1255 883 1334 opaci
903 1253 966 1310 in
990 1252 1143 1313 linea
1180 1258 1336 1316 reeta
1354 1258 1589 1318 interci-

33 1346 118 1428 pit
134 1343 348 1408 visum,
363 1341 504 1399 licet
525 1337 635 1397 alia
656 1340 908 1396 omnino
938 1333 1161 1398 fuerint
1185 1338 1587 1421 undequaque

33 1445 242 1510 aperta.
343 1428 571 1486 Verum
585 1417 754 1501 soum,
775 1418 816 1480 fi
839 1417 1014 1482 detur
1033 1419 1258 1483 delatio
1280 1463 1297 1492 ,
1327 1427 1421 1487 vel
1439 1446 1588 1485 mea-

32 1531 154 1578 tus,
170 1512 260 1571 vel
283 1504 583 1569 arcuando
602 1524 707 1585 per
726 1503 952 1565 sursum
972 1541 989 1570 a
1030 1507 1122 1566 vel
1153 1509 1376 1571 inversa
1394 1529 1588 1570 arcua-

31 1597 198 1657 tione
213 1612 317 1675 per
337 1589 616 1652 deorsum
635 1624 654 1654 ‚
705 1591 796 1649 vel
813 1589 1128 1650 lateraliter
1157 1628 1176 1658 ‚
1219 1595 1312 1654 vel
1330 1596 1507 1655 etiam
1526 1590 1590 1654 fi.

31 1678 300 1744 nuando,
319 1695 440 1736 non
461 1674 615 1754 perit
634 1709 652 1739 ‚
672 1669 767 1732 sed
787 1673 1076 1753 pervenit.
1126 1678 1401 1738 Attamen
1438 1677 1590 1738 arbi-

32 1781 163 1826 tror
186 1758 405 1821 fortius
435 1753 656 1819 deferri
676 1760 865 1832 sonum
886 1774 989 1835 per
1012 1758 1194 1821 lineas
1223 1760 1472 1823 direttas
1505 1764 1589 1821 in·

29 1864 123 1910 ter
138 1842 499 1931 pulsationes
517 1846 571 1900 δι
588 1860 793 1900 aurem
818 1877 836 1906 ‚
879 1845 937 1899 δι
960 1837 1158 1923 frangi
1191 1844 1470 1906 nonnihil
1486 1847 1587 1906 im.

31 1949 239 2014 petum
280 1948 384 2010 per
405 1928 772 1986 arcuationes
795 1931 850 1984 δε
868 1941 971 2003 per
990 1921 1346 1991 finuationes
1366 1951 1385 2000 ς
1404 1929 1592 1992 veluti

14 2014 78 2076 *fi
94 2015 284 2097 paries
314 2009 383 2070 fit
399 2014 554 2069 inter
571 2009 922 2087 loquentem
940 2012 995 2067 &
1016 2008 1358 2075 audientem
1381 2050 1398 2080 ‚
1435 2013 1593 2073 arbi-

15 2116 168 2167 ,tror
186 2115 401 2160 vocem
445 2112 569 2152 non
588 2108 707 2152 tarn
725 2092 876 2152 bene
894 2091 1164 2156 exaudiri
1208 2117 1386 2178 quam
1418 2096 1461 2157 fi
1495 2097 1593 2157 ab·

38 2177 175 2244 effet
191 2180 399 2262 paries,
436 2177 718 2236 Arbitror
747 2177 925 2236 etiarn
943 2173 983 2234 fi
1004 2182 1181 2256 paulo
1201 2182 1443 2264 longius
1474 2181 1594 2243 col-

14 2262 16 2267 ’
37 2270 279 2329 locetur
300 2299 319 2328 2
335 2263 428 2323 vel
447 2262 695 2338 loquens
720 2259 840 2324 ‚vel
857 2257 1100 2320 audiens
1127 2266 1392 2347 apariete
1409 2302 1430 2332 ‚
1476 2284 1596 2324 me.

11 2335 156 2426 *Yius
177 2342 443 2408 exaudiri
460 2363 671 2404 Vocem
689 2362 868 2422 quam
886 2360 1071 2424 prope
1092 2349 1376 2428 parietem
1397 2385 1415 2415 ,
1454 2351 1593 2428 quia

12 2431 15 2513 j
41 2435 308 2495 arcuati«)
325 2444 475 2491 tanto
488 2430 650 2488 minus
668 2430 789 2487 abit
806 2424 838 2485 ὲ
854 2427 1005 2488 linea
1018 2433 1196 2495 reeta.
1272 2436 1498 2496 Verum
1517 2429 1593 2494 de

42 2515 163 2580 hoc
184 2517 518 2596 inquiratur
537 2513 802 2574 ulterius.

0 2583 9 2695 ζ
129 2597 390 2660 Admota
413 2615 550 2658 aure
584 2596 660 2657 ad
698 2598 945 2657 alterum
983 2597 1300 2661 terminum
1335 2599 1466 2663 tubi
1501 2602 1597 2661 ali·

0 2697 9 2759 ξ
45 2683 212 2763 cujus
233 2698 360 2750 ‚aut
379 2681 505 2743 cavi
526 2682 723 2742 trunci
741 2681 945 2763 longi,
1001 2688 1061 2745 δι
1076 2702 1222 2744 voce
1235 2681 1503 2748 submiss'a
1522 2681 1598 2746 ad

0 2762 13 2829 l.
49 2769 302 2835 alterum
325 2763 624 2854 orificium
645 2763 1094 2856 tulpaessxaugliri
1111 2766 1287 2852 poffit
1305 2769 1597 2836 venalis,

1461 2871 1594 2934 ‘10³5
