1914 3206
395 50 498 132 de
526 50 745 128 Sono
768 47 849 127 8<
880 42 1226 130 Auditu.
1476 55 1623 162 ¹39

0 239 2 265 ι
157 187 431 258 Medium
468 184 761 269 trepidans
799 187 895 249 (ut
925 180 1121 242 fumus
1145 183 1201 241 in
1234 181 1534 262 visibilibus)
1552 185 1633 250 fa-

0 292 1 347 i
40 286 149 349 ‘cit
169 280 387 362 visibilia
403 275 632 353 objecta
654 273 826 329 etiam
850 265 1182 345 trepidare:
1231 271 1306 327 At
1331 269 1526 347 insonis
1546 273 1632 332 ni-

67 367 151 430 hil
173 364 363 425 adbuc
387 364 498 420 tale
519 356 816 415 invenitur
840 389 855 415 ‚
904 350 1005 409 nifi
1027 349 1187 410 forte
1210 350 1452 412 acceffio
1470 360 1525 412 &
1546 378 1632 417 rea

67 447 243 516 ceffio
259 469 361 531 per
380 459 607 503 ventos.
669 442 814 496 Nam
835 433 1151 503 trepidatio
1175 437 1234 495 in
1257 432 1445 494 fistula
1466 439 1632 502 lusci«

0 524 1 528 ἵ
68 516 254 598 hiola,
273 529 352 590 est
369 523 690 607 trepidatio
709 515 1118 602 percussionis,
1148 539 1266 578 non
1293 517 1494 579 medii.

151 614 284 681 Post
310 612 556 674 multam
577 609 768 666 lucem
795 603 1090 664 mutando
1117 603 1188 664 ad
1209 605 1475 664 tenebras
1499 652 1515 674 ,
1537 607 1630 666 vel

69 701 201 790 post
230 697 496 759 tenebras
519 690 589 751 ad
615 693 804 749 lucem
830 728 847 754 ‚
893 688 1290 749 confunditur
1326 710 1535 772 parum
1557 694 1629 751 2⁷12·

55 793 168 872 fies:
200 801 402 845 utrum
425 796 563 837 vero
585 776 698 832 hoc
721 772 819 831 fiat
837 773 868 830 a
887 775 1113 856 magnis
1131 769 1497 854 fragoribus,
1529 792 1628 837 aut

52 877 192 944 'aito
215 855 932 948 silentio‚inquirendum‚

164 1085 272 1163 De
315 1078 628 1148 celeritate
666 1075 1081 1170 generationis
1145 1128 1162 1155 ,
1227 1077 1293 1140 ὃς
1332 1077 1530 1148 extin-

365 1181 583 1254 ‚b't't'om's
599 1175 744 1264 sont
785 1222 805 1252 ,
861 1175 924 1234 δί
965 1187 1232 1275 tempore
1266 1174 1332 1243 in

0 2982 9 3115 ἶ

0 3165 10 3206 ι

648 1288 790 1367 quo
823 1265 1000 1345 fiunt.

187 1468 506 1549 Mnisfimus
529 1469 655 1526 cito
677 1464 1005 1527 admodum
1025 1482 1343 1548 generatur
1363 1503 1380 1533 ‚
1434 1473 1490 1529 &
1506 1470 1630 1530 cito

85 1577 111 1587 *·
140 1582 143 1583 ⁷
185 1553 413 1612 interit.
444 1553 737 1630 ⁴Celeritas
763 1569 957 1611 autem
978 1570 1176 1612 motus
1199 1550 1370 1634 ipfius
1402 1590 1418 1618 ‚
1447 1558 1499 1612 δε
1522 1551 1634 1612 dif·

68 1633 458 1706 ferentiarurn
477 1634 599 1715 ejus
621 1683 639 1705 ,
662 1657 785 1696 non
810 1653 927 1695 tam
956 1636 1239 1703 mirabilis
1260 1656 1346 1702 res
1370 1636 1631 1701 videtur.

67 1721 304 1791 Etenim
329 1721 663 1803 digitorum
684 1738 885 1780 motus
905 1724 963 1779 in
984 1719 1208 1782 cithara
1229 1760 1247 1788 ‚
1299 1740 1396 1782 aut
1419 1720 1635 1783 anheli-

67 1822 162 1873 tus
185 1810 245 1866 in
266 1803 454 1866 fistula
476 1824 576 1866 aut
599 1806 746 1866 tibia
799 1842 816 1871 2
877 1807 1090 1870 celeres
1128 1803 1454 1873 admodum
1479 1808 1632 1867 inve-

70 1891 368 1957 niuntur3
424 1894 598 1950 etiam
617 1893 820 1972 lingua
843 1890 956 1971 ipsa
977 1897 1127 1962 (non
1152 1892 1452 1952 curiosum
1473 1911 1636 1972 pror·

72 1975 166 2036 sus
207 1987 550 2057 organum)
583 1993 672 2035 tot
709 1976 936 2056 peragit
969 1993 1171 2035 motus
1218 1994 1373 2056 quot
1415 1976 1628 2038 literas.

74 2057 268 2139 Quod
289 2081 429 2118 vero
451 2063 565 2136 soni
585 2081 706 2119 non
743 2059 935 2118 solum
957 2076 1079 2119 tam
1114 2064 1432 2141 perniciter
1465 2083 1636 2143 gene-

73 2162 302 2208 rentur,
320 2141 416 2203 sed
441 2150 495 2203 &
520 2163 750 2205 tantum
772 2145 1021 2224 spatium
1043 2143 1140 2203 sua
1160 2148 1217 2209 vi
1239 2153 1294 2207 &
1313 2143 1635 2227 impresfio-

8 2225 10 2229 ’
73 2248 145 2289 ne
162 2226 322 2308 quafi
343 2247 755 2289 momentanea
771 2246 1066 2308 occupent
1083 2228 1283 2293 subito
1319 2266 1337 2296 ‚
1385 2229 1447 2290 id
1486 2234 1636 2291 sum-

74 2332 228 2379 mam
254 2310 708 2373 admirationem
728 2310 922 2372 habet.
962 2316 1129 2380 Nam,
1149 2316 1400 2396 exempli
1419 2318 1631 2394 gratia,

74 2394 264 2468 homo
286 2398 344 2455 in
365 2394 566 2458 medio
598 2416 807 2479 campo
845 2395 1175 2465 vociferans
1216 2398 1532 2460 exauditur
1562 2400 1634 2462 ad

75 2498 345 2561 quartam
364 2499 587 2562 partem
605 2481 868 2541 milliaris
888 2481 946 2540 in
968 2482 1216 2548 ambitu,
1241 2483 1427 2565 idque
1443 2486 1634 2547 verbis

78 2566 396 2634 articulatis
407 2567 612 2647 ‚iifqtre
633 2569 691 2625 in
710 2564 950 2646 fingulis
972 2569 1214 2628 minutis
1242 2572 1636 2652 portionibus

79 2652 223 2719 aeris
245 2648 604 2712 haerentibus
623 2648 838 2732 ‚idque
856 2651 918 2709 in
944 2649 1129 2732 spatio
1151 2658 1434 2736 temporis
1455 2662 1637 2736 longe

78 2736 312 2811 minore
337 2730 570 2795 fortasse
593 2736 850 2802 minuto.
971 2740 975 2744 ’

148 2820 241 2896 De
263 2819 448 2900 spatio
470 2823 751 2904 temporis
780 2822 841 2881 in
857 2840 986 2908 quo
1004 2816 1272 2901 defertur
1277 2824 1639 2908 fhnus‚inqui-

291 2902 299 2915 ²
597 2907 605 2919 ’
884 2911 894 2918 ’
979 2906 982 2907 ’
1008 2906 1040 2908 *⁷
1082 2906 1103 2910 ”
1383 2909 1634 2982 rendum
