1898 3139
286 18 426 129 178
637 12 726 87 In
755 3 1071 87 felicem
1098 6 1560 90 memoriam
1824 0 1883 133 ξ

293 139 664 222 indulgentia
682 141 994 199 &licentia
1014 139 1354 221 depravatos
1383 141 1740 219 ,plerunque
1764 143 1821 199 &
1859 141 1882 164 ”⁴

297 234 489 288 minus
509 241 742 302 capaces
780 260 797 286 2
829 231 883 282 &
907 227 1094 283 minus
1133 220 1469 281 moderatos
1495 252 1513 286 2
1557 219 1822 288 evadere.
1853 239 1869 299 ’Ἴ

296 318 504 387 Itaque
540 308 798 385 optimos
834 314 887 365 δε
929 302 1433 365 excellentiffimos
1470 311 1634 383 Reges
1669 321 1824 382 repe·

299 397 406 454 rias
427 428 443 456 ,
480 409 630 469 quos
656 406 901 465 utraque
923 385 1163 447 fortuna
1183 387 1426 448 erudiit:
1466 389 1630 447 Talis
1669 384 1825 466 apud

301 497 411 536 nos
432 470 546 532 fuit
563 474 1046 551 Hem'isusftptimus
1066 509 1082 535 2
1118 476 1171 529 δε
1192 467 1345 549 apud
1371 475 1543 530 Gallos
1561 465 1826 529 Ludovicus

302 561 635 620 duodecimum
661 558 763 630 qui
789 559 1006 614 recenti
1041 555 1323 612 memoria
1346 588 1363 615 ²
1400 561 1455 616 &
1481 553 1692 614 eodem
1709 550 1828 612 fere

303 660 598 720 tempore,
627 658 745 694 non
770 653 995 696 tantum
1020 636 1049 694 a
1069 631 1420 718 privata,sed
1441 639 1614 696 etiam
1641 637 1712 694 ab
1736 632 1830 695 ad-

301 726 455 785 versa
476 729 530 782 &
550 719 799 779 exercita
818 718 1079 783 fortuna,
1099 728 1332 800 Regnum
1351 738 1637 798 accepere,
1656 737 1830 796 atque

300 812 429 880 (ille
453 806 729 863 Prudentia
759 839 776 865 2
804 801 898 864 hic
919 804 1148 882 Iustitia)
1166 801 1437 865 floruere.
1483 803 1695 873 Similis
1715 802 1833 860 fuit

305 898 358 951 &
374 889 607 963 hujusce
630 885 867 961 Principis
888 890 1057 953 ratim
1081 886 1242 963 cujus
1266 886 1428 945 initia
1446 892 1500 946 δε
1517 886 1637 964 spes
1655 884 1833 943 varia·

218 1004 226 1013 ¹
307 978 400 1034 vit
443 972 680 1031 fortuna
702 1006 718 1033 ‚
748 987 815 1028 ut
836 971 892 1027 in
916 973 1211 1046 Principatu
1232 968 1303 1030 ad
1323 985 1645 1028 extremum
1695 985 1833 1046 erga

309 1059 466 1116 illam
488 1051 751 1113 constans
775 1059 829 1112 δε
853 1053 1149 1129 aequabilis
1172 1047 1324 1111 esset.
1350 1054 1495 1110 Nam
1517 1050 1832 1111 Elizabetha

308 1140 565 1198 natalibus
586 1136 694 1195 suis
719 1133 1058 1194 succeflioni
1086 1133 1388 1203 destinata,
1404 1133 1622 1193 deinde
1644 1131 1834 1192 exhae-

310 1219 527 1283 redata,
548 1238 673 1278 tum
691 1216 1019 1298 posthabita
1041 1216 1190 1284 fuit3
1230 1215 1429 1276 eadem
1452 1225 1618 1294 Regno
1645 1222 1833 1274 Fratris

308 1303 544 1364 fortuna
565 1304 747 1382 magis
770 1301 1022 1381 propitia
1042 1307 1096 1360 δε
1118 1296 1503 1378 serena‚Regno
1523 1307 1709 1358 Soram
1726 1319 1836 1356 ma-

311 1389 401 1467 gis
427 1384 663 1444 turbida
681 1392 735 1445 &
756 1384 992 1462 ancipiti
1020 1382 1114 1441 usa
1134 1381 1226 1449 est,
1247 1386 1395 1461 Neq3
1413 1400 1603 1442 tamen
1627 1405 1697 1442 ex
1716 1383 1836 1442 vin-

312 1470 454 1528 culis
478 1469 672 1526 subito
694 1469 752 1526 in
773 1475 1002 1545 Regnum
1024 1461 1300 1546 ass'umpta
1323 1465 1402 1524 est
1425 1511 1442 1533 ‚
1482 1485 1548 1525 ut
1568 1468 1636 1525 ab
1659 1463 1840 1523 infor-

311 1553 484 1630 tunio
507 1551 843 1610 exacerbata
863 1552 1301 1616 intumesceret3
1348 1548 1441 1608 sed
1465 1550 1726 1608 libertati
1758 1568 1837 1606 re-

311 1633 512 1693 stituta
571 1672 587 1696 ,
644 1639 695 1692 δε
737 1635 1142 1711 expectatione
1181 1634 1343 1691 aucta
1366 1669 1383 1694 2
1434 1648 1565 1690 tum·
1597 1629 1837 1690 demum

313 1727 543 1795 Regnum
564 1717 675 1775 fine
695 1721 938 1775 Tumultu
959 1736 1053 1775 aut
1074 1717 1411 1791 competitore
1443 1714 1666 1794 placide
1687 1722 1739 1774 &
1763 1711 1842 1771 fe-

312 1799 572 1861 liciffime
593 1801 876 1859 obtinuit.
919 1801 1110 1875 Atque
1139 1798 1257 1858 haec
1288 1797 1426 1856 ideo
1466 1795 1843 1859 adducimus,
1874 1859 1877 1863 ,

313 1901 379 1943 ut
402 1898 693 1963 appareat,
727 1886 976 1941 Divinam
997 1885 1375 1941 Providentiam
1390 1881 1673 1961 optimam
1699 1881 1843 1939 Prin·

313 1971 467 2041 cipem
493 1964 831 2024 meditatam
853 2003 869 2027 ‚
912 1984 1010 2043 per
1037 1963 1362 2023 istiusmodi
1380 1961 1694 2044 disciplinae
1717 1983 1842 2042 gra-

314 2049 424 2108 dus
447 2069 568 2106 eam
588 2043 913 2126 praeparaffe
931 2083 946 2109 ‚
983 2052 1034 2104 ἃ
1055 2041 1331 2110 extulifl'e.
1385 2049 1730 2123 Nequefane
1751 2065 1839 2102 na-

313 2136 500 2191 talium
529 2132 771 2206 dignitati
811 2130 1098 2187 calamitas
1135 2134 1329 2187 Matris
1383 2126 1574 2185 obeffe
1627 2127 1840 2193 debet3

315 2235 445 2272 curn
483 2214 799 2293 prasertim
823 2212 951 2271 satis
974 2212 1198 2270 constet
1233 2255 1248 2277 ‚
1297 2216 1572 2270 Henrictmz
1610 2215 1839 2270 octavum

312 2300 476 2376 prius
501 2297 687 2353 amori
720 2315 876 2353 novo
915 2314 1090 2371 quam
1131 2299 1221 2355 irae
1243 2293 1505 2354 adversus
1544 2294 1841 2353 Annamin-

314 2374 569 2443 dulliss'e3
597 2376 828 2456 ejusque
848 2383 996 2456 Regis
1014 2395 1217 2436 natura
1235 2416 1248 2441 ‚
1271 2385 1325 2437 &
1347 2377 1415 2437 ad
1441 2397 1659 2437 amores
1691 2383 1743 2436 &
1767 2375 1839 2436 ad

312 2459 661 2540 suspiciones
698 2457 1123 2540 propenliffima
1144 2498 1160 2524 ‚
1192 2468 1247 2520 &
1267 2464 1325 2517 in
1344 2460 1547 2522 iisdem
1570 2459 1748 2537 usque
1768 2459 1839 2519 ad

313 2545 652 2622 sangumem
672 2563 918 2624 praeceps
955 2581 972 2609 ‚
1012 2545 1321 2624 posteritatis
1342 2561 1543 2601 notam
1559 2562 1677 2600 non
1701 2537 1843 2600 effu-

315 2629 456 2704 giat.
505 2623 673 2684 Adde
699 2668 717 2691 ,
763 2624 930 2704 quod
954 2629 1391 2686 criminatione
1409 2663 1426 2690 ‚
1470 2626 1559 2685 vel
1579 2624 1838 2705 personae

315 2706 488 2786 ipsius
507 2704 575 2769 ad
599 2728 774 2789 quem
795 2707 1149 2773 referebatur
1164 2712 1618 2780 nornine2minus
1634 2707 1840 2848 przbla-

1756 2808 1773 2846 1
1800 2808 1840 2856 1,
