1914 3206
343 46 445 130 de
469 50 685 129 Sono
715 50 799 130 &'
832 44 1172 128 Auditu.
1446 75 1565 159 135

44 177 348 322 ⁶tff'ationis
363 180 477 243 five
493 179 904 264 trepidationis
942 179 1203 260 ipsorum
1236 183 1297 241 in
1343 182 1584 242 audibili-

0 281 3 315 Ι
121 307 137 324 ,
685 279 688 281 Α

119 347 317 408 Ambo
341 352 401 408 in
423 351 644 409 virtute
673 348 965 409 &viribus
985 348 1097 410 suis
1136 366 1261 407 non
1305 348 1588 412 videntur

0 444 5 482 Ι
43 431 131 492 vel
148 439 420 493 emittere
437 435 691 512 aliquam
728 434 1094 514 corporalem
1116 429 1496 493 substantiam
1527 438 1588 494 in

0 530 7 566 Ι
41 517 201 575 media
222 518 474 583 suasa-ut
496 517 786 577 ambitum
806 515 1047 598 Sphaerae
1079 516 1193 576 suae
1229 536 1249 583 3
1281 535 1386 578 nec
1411 520 1588 577 etiam

0 629 3 640 ·
40 598 214 661 edere
251 618 352 659 aut
373 604 526 661 ciere
556 599 928 661 manifestum
964 619 1199 661 motum
1241 600 1491 662 localem
1529 602 1590 660 in

0 676 3 736 ἰ
39 682 210 743 medis?
230 683 346 744 suis
366 722 385 749 ‚
404 682 502 745 sed
523 682 749 747 deferre
775 683 1053 764 quasdam
1075 684 1289 766 species
1326 686 1591 767 spiritua·

37 769 140 833 les,
155 788 406 857 quarum
441 770 757 849 ignoratur
773 770 926 828 ratio
948 775 1002 828 &
1025 767 1264 830 modus.

113 872 311 933 Ambo
331 869 610 931 videntur
643 890 764 929 non
801 872 1137 951 generativa
1174 870 1415 948 alicujus
1452 872 1589 933 alte-

36 953 152 1014 rius
174 956 408 1014 virtutis
430 972 531 1014 aut
560 955 861 1033 qualitatis
881 972 1091 1033 praeter
1129 957 1414 1014 virtutem
1452 974 1589 1037 pro-

34 1039 237 1118 priam,
267 1044 324 1099 &
343 1056 579 1099 eatenus
600 1041 852 1120 operari3
877 1039 1010 1097 alias
1034 1035 1244 1098 sterilia
1261 1034 1386 1099 effe.

113 1142 313 1198 Ambo
369 1141 427 1198 in
481 1146 720 1223 propria
759 1144 857 1203 sua
892 1139 1125 1198 ειᾶἰοηε
1163 1137 1443 1199 videntur
1480 1138 1591 1199 tria

33 1221 189 1304 quali
210 1227 607 1304 corporaliter
623 1227 875 1306 operari.
929 1224 1189 1283 Primum
1211 1267 1228 1288 ,
1260 1220 1430 1301 quod
1471 1220 1595 1282 for-

32 1311 143 1367 tius
171 1306 473 1385 objectum
491 1329 719 1391 mergat
743 1316 793 1370 Sc
812 1304 1144 1368 confundat
1168 1305 1424 1367 debilius
1445 1343 1462 1370 ‚
1521 1322 1590 1366 ut

31 1394 131 1451 lux
153 1392 288 1452 solis
313 1393 503 1453 lucem
525 1393 808 1458 candelae‚
825 1390 1100 1472 displosio
1123 1387 1464 1452 bombardae
1485 1411 1590 1450 vo-

31 1488 174 1535 cem.
242 1474 582 1551 Secundum
624 1517 642 1543 ‚
687 1475 868 1557 quod*
900 1477 1287 1537 excellentius
1340 1475 1589 1552 objedlum

29 1557 504 1641 destruatsensum
524 1559 882 1620 debiliorem
903 1599 919 1624 7
961 1579 1026 1620 ut
1048 1563 1244 1620 lumen
1270 1560 1421 1618 Solis
1447 1580 1588 1618 ocu-

28 1645 173 1709 lum,
191 1642 364 1703 sonus
393 1648 694 1706 violentus
722 1648 781 1704 in
805 1649 1087 1726 proximo
1111 1644 1181 1704 ad
1207 1663 1404 1704 aurem
1427 1640 1585 1702 audi-

28 1729 489 1793 tum.Tertium‚
507 1729 677 1809 quod
701 1731 877 1790 ambo
902 1732 1408 1808 repercutiuntur,
1436 1744 1501 1786 ut
1525 1728 1584 1785 in

27 1815 251 1890 speculis,
266 1817 322 1872 &
343 1815 491 1881 Echo.

110 1917 320 1993 Neque
336 1914 638 1992 obieetum
660 1906 832 1974 unius
853 1908 1177 1972 confundit
1213 1925 1311 1970 aut
1335 1900 1584 1988 impedit

27 1997 333 2101 objectum
354 2000 616 2066 alterius3
635 2000 795 2058 velut
817 2000 943 2062 lux,
961 2013 1059 2056 aut
1081 1998 1474 2077 colonfimum3
1487 2006 1588 2050 aut

29 2099 300 2144 econtra.

113 2186 309 2245 Ambo
347 2182 938 2246 afficiuntiensumin
962 2180 1308 2243 animalibus
1335 2217 1353 2246 2
1402 2178 1585 2260 idque

29 2269 278 2346 objectis
317 2268 638 2329 secundum
674 2279 858 2348 magis
900 2283 1000 2325 aut
1035 2268 1228 2325 minus
1262 2267 1441 2346 gratis
1486 2283 1587 2322 aut

31 2351 255 2414 odiofis
301 2380 318 2414 .·
367 2369 622 2413 attamen
647 2346 912 2410 afficiunt
951 2351 1124 2409 etiam
1160 2348 1348 2409 modo
1370 2347 1475 2407 suo
1498 2351 1583 2406 in·

31 2438 284 2500 animata
325 2439 780 2520 proportionata
816 2441 870 2495 &
905 2435 1145 2513 organis
1185 2434 1455 2494 sensuum
1488 2434 1589 2498 (ut

29 2519 294 2594 videtur)
316 2518 649 2580 conformia
687 2540 707 2586 ς
756 2537 821 2579 ut
854 2523 1040 2578 colores
1075 2518 1373 2599 speculum
1413 2512 1588 2595 quod

28 2601 433 2688 crystallinum
458 2601 536 2665 est
559 2599 736 2663 instar
756 2605 1049 2685 oculi‚fhni
1068 2604 1233 2675 locos
1257 2601 1589 2662 reverbera-

29 2689 216 2749 tionis
244 2725 260 2756 2
281 2690 381 2771 qui
401 2690 682 2751 videntur
700 2694 876 2749 etiam
895 2685 1103 2749 similes
1131 2682 1236 2748 offi
1256 2691 1306 2748 δι’
1327 2703 1588 2745 cavernae

34 2793 211 2838 aursso

773 2874 801 2930 I
841 2887 882 2948 4
1381 2864 1575 2928 Ambo

1330 3018 1361 3048 θ
