1898 3139
347 23 482 134 124
688 16 1028 102 Historia
1055 13 1578 126 &Inquisitio

350 155 618 217 existimo
642 152 962 214 urinatores
992 167 1127 206 cum
1152 165 1352 207 natant
1374 184 1392 213 ‚
1419 147 1617 210 subter
1662 173 1806 238 aqua
1891 181 1898 219 t

348 260 470 299 non
489 237 659 299 edere
670 239 845 315 [inum
875 253 896 300 3
946 228 1049 289 nifi
1068 226 1316 290 fortafiis
1338 230 1541 309 aliquis
1567 230 1673 293 effe
1696 237 1843 318 possi

345 341 446 402 per
466 317 874 382 succeffionem
895 331 1091 373 motus
1116 311 1188 374 ad
1205 311 1565 394 superficiem
1583 337 1770 396 aquae,
1794 339 1850 383 at

346 423 463 485 que
480 402 618 464 inde
636 398 1001 484 percutiente
1018 415 1165 474 aqua
1181 416 1387 458 aerem.

432 488 703 547 Dubium
720 502 841 543 non
862 477 961 545 est,
978 482 1120 558 quin
1138 479 1199 536 in
1223 480 1454 541 utribus
1477 479 1676 542 claufis
1702 519 1720 547 2
1771 504 1856 548 net
1894 532 1898 542 .

344 572 579 658 prorsus
598 567 850 649 impletis
861 570 942 631 2&
958 562 1188 644 agitatis
1199 598 1215 626 ‚
1232 558 1509 623 reddatur
1513 567 1857 649 fimmliquo

347 660 425 719 ris
444 653 658 713 scilicet
675 655 736 710 in
759 649 827 708 iis
849 647 1116 706 contenti
1141 668 1154 703 ε
1175 664 1279 703 nec
1301 646 1491 706 minus
1515 647 1785 710 redditur
1792 651 1853 730 [ὅ

343 761 433 800 nus
451 729 690 797 demisso
706 728 901 811 lapide
917 733 980 790 in
999 740 1206 808 aquam
1229 763 1247 793 ¹
1277 740 1414 789 cum
1442 734 1730 810 percutiat
1750 733 1853 794 fun

350 823 496 884 dum
516 816 674 879 vafis.
739 818 962 876 Verum
980 812 1039 872 in
1058 813 1250 893 primo
1271 813 1676 891 experimento
1701 815 1866 878 admi

348 907 538 967 scetur
556 922 652 962 aer
685 920 703 968 3
749 902 808 958 in
831 893 1089 958 secundo
1120 890 1405 975 percuffio
1427 890 1599 959 fundi
1617 897 1752 958 vafis
1774 919 1862 979 pei

350 987 614 1068 lapillum
638 981 1037 1043 communicat
1053 999 1186 1037 cum
1205 999 1332 1038 aere
1354 996 1518 1038 extra
1533 984 1729 1043 vas.At
1749 1001 1826 1057 po

348 1064 773 1151 percussionem
791 1065 1036 1144 primam
1051 1081 1173 1122 non
1193 1057 1409 1122 neceffe
1431 1060 1510 1122 est
1525 1082 1592 1123 ut
1616 1086 1708 1124 aer
1726 1065 1797 1125 fit
1814 1069 1874 1134 iri*

350 1149 552 1214 medio
571 1168 672 1231 per
690 1148 1011 1209 universam
1044 1166 1231 1205 aream
1262 1143 1506 1227 Sphaerae
1528 1144 1840 1209 deferentis
1869 1219 1872 1223 ἲ

348 1257 484 1296 nam
510 1232 572 1294 id
594 1233 881 1296 evincitur
898 1250 1000 1311 per
1017 1231 1479 1308 experimentum
1495 1231 1793 1309 loquentis
1810 1236 1872 1291 in·

349 1319 520 1380 fitula
540 1317 737 1377 subter
751 1333 993 1395 aquam,
1012 1309 1604 1392 ubiparsdeferentis
1632 1334 1701 1374 ex
1729 1335 1865 1394 aqua

349 1423 473 1462 non
495 1398 575 1461 est
593 1422 707 1465 aer,
735 1398 833 1460 sed
850 1400 1076 1477 lignum
1095 1393 1274 1454 fitulae
1293 1441 1313 1463 ,
1352 1401 1409 1456 &
1427 1414 1573 1474 aqua
1595 1417 1615 1464 3
1645 1394 1804 1458 unde
1827 1417 1873 1458 a.

349 1489 569 1551 mitur,
585 1491 640 1544 &
661 1485 949 1543 minuitur
968 1479 1166 1542 sonus,
1181 1482 1235 1536 δι
1250 1479 1637 1560 extinguitur.

435 1570 741 1638 Quoniam
756 1583 951 1626 autern
968 1558 1336 1623 manifestum
1353 1559 1431 1622 est
1448 1598 1466 1626 2
1507 1581 1608 1642 per
1625 1581 1878 1642 corpora,

351 1650 497 1713 dura
529 1654 719 1719 (velut
745 1667 955 1711 terram
986 1644 1288 1726 figularem
1305 1652 1360 1706 δι
1375 1647 1623 1719 vitrum)
1639 1643 1882 1726 transire,

349 1742 405 1794 &
424 1753 725 1816 penetrare
732 1736 913 1815 fimum
942 1749 961 1796 3
1009 1728 1188 1806 idque
1205 1729 1379 1791 etiam
1397 1726 1774 1787 certiffimum
1797 1727 1875 1796 est,

346 1821 517 1885 (licet
549 1816 740 1878 adhuc
771 1815 1080 1876 hominum
1114 1811 1577 1871 observationem
1609 1813 1880 1892 latuerit}

351 1898 522 1961 inesse
546 1904 605 1960 in
639 1900 805 1960 omni
844 1914 1099 1976 corpore
1130 1893 1403 1975 tangibili
1434 1896 1884 1974 pneumaticum]

349 1982 635 2062 quiddam
655 2000 866 2064 praeter
881 1995 1067 2060 partes
1084 1971 1280 2037 craffas
1301 1978 1708 2039 intermixtum
1723 2015 1742 2043 ‚
1793 1984 1872 2039 vi.

352 2066 615 2128 dendum
636 2086 778 2125 num
797 2058 1128 2139 hujusmodi
1143 2063 1435 2136 penetratio
1464 2060 1591 2120 soni
1625 2081 1749 2122 non
1791 2064 1872 2123 in-

351 2152 426 2213 de
442 2148 544 2210 fiat
562 2188 578 2215 ,
621 2147 785 2227 quod
816 2160 1006 2227 partes
1023 2146 1406 2223 pneumatice
1449 2180 1469 2207 2
1525 2141 1635 2203 five
1676 2147 1873 2213 aereae',

271 2251 278 2263 ”
349 2235 615 2314 corporis
638 2229 935 2314 tangibilis
955 2270 973 2294 ‚
1012 2227 1457 2286 communicent
1475 2247 1611 2287 curn
1633 2248 1759 2289 aere
1778 2249 1871 2289 ex-

352 2334 542 2400 terno,
1134 2354 1140 2359 ι
1881 2318 1898 2400 j

438 2398 648 2477 Accipe
677 2395 934 2453 catinum
971 2410 1130 2470 aquae
1175 2405 1518 2471 argenteum
1563 2428 1581 2457 ‚
1621 2393 1898 2468 alterumq

351 2486 612 2564 ligneum
659 2498 678 2544 3
717 2476 907 2556 accipe
928 2473 1213 2554 forcipem
1234 2475 1474 2532 ferream
1493 2510 1511 2539 ‚
1558 2471 1898 2555 &percutei

351 2566 491 2626 fines
510 2565 627 2643 ejus
648 2568 796 2637 intra
814 2562 1020 2639 aquam
1040 2560 1097 2616 in
1117 2557 1326 2616 catinis
1338 2556 1463 2617 illis
1484 2593 1500 2621 ‚
1517 2560 1577 2616 iu
1601 2554 1898 2623 distantia}

351 2643 678 2709 latitudinis
696 2642 923 2723 pollicis
946 2633 1176 2703 fortasse
1209 2657 1310 2699 aut
1342 2641 1581 2723 amplius
1607 2640 1638 2700 ἒι
1659 2639 1898 2700 fundov‘,

355 2732 547 2818 audies
556 2734 733 2813 finium
753 2723 991 2806 forcipis
1009 2719 1278 2806 percussa:
1293 2723 1569 2786 incatino
1585 2740 1866 2806 argenteo
1893 2724 1898 2773 ἐ

568 2828 571 2831 ·
916 2819 923 2827 ’
1026 2814 1034 2826 ’
1276 2839 1278 2842 >
1681 2808 1864 2889 magis
1886 2832 1890 2860 ε
