1914 3206
1461 70 1636 154 203

241 318 611 467 Imago
667 315 1032 432 Civilis
1076 325 1487 469 effugxsti

657 466 1023 607 Castris.

255 730 474 828 Vgusto
492 731 731 827 Casari,
752 733 792 800 fi
815 738 919 803 cui
938 739 1317 807 mortalium
1339 787 1356 815 ,
1387 751 1633 839 magna?-

255 832 396 901 tudo
433 836 629 900 animi
679 833 1255 914 ineratinturbida,
1299 841 1520 908 serena
1564 846 1635 914 δε

72 921 408 999 ordinata:
441 931 650 1017 quue
686 931 977 1003 indicant
1017 934 1274 1005 resvssloe
1314 943 1625 1010 omnium

69 1034 403 1106 maximae,
439 1050 597 1113 quas
626 1027 707 1093 ab
735 1029 1002 1094 ineunte
1044 1029 1631 1123 adoleseentiages-

65 1123 162 1190 sit.
271 1128 448 1191 Nam
469 1129 582 1211 qui
598 1129 866 1213 ingenio
887 1144 1115 1190 comm
1127 1132 1369 1196 otiores
1392 1131 1562 1213 sunt,
1587 1137 1631 1201 ii

64 1219 200 1307 sere
220 1223 687 1287 adolescentias
711 1242 823 1310 per
854 1226 1070 1290 varios
1108 1245 1363 1293 errores
1408 1230 1621 1295 tranfi-

63 1337 231 1403 gunt
259 1353 276 1382 2
303 1338 379 1384 ac
416 1317 528 1383 sub
564 1319 849 1384 mediam
881 1335 1139 1385 aetatem
1175 1322 1449 1391 demum
1475 1326 1532 1390 se
1552 1349 1628 1393 o-

60 1413 368 1481 stendunt
398 1438 410 1477 ε
435 1415 694 1504 Quibus
712 1435 933 1483 autem
957 1416 1206 1484 Natura
1231 1419 1318 1485 est
1338 1443 1626 1513 compo-

59 1510 172 1592 sita
194 1513 560 1601 &placida‚
605 1514 647 1578 ii
677 1515 889 1598 prima
927 1517 1122 1582 etiam
1160 1530 1346 1583 aetate
1380 1519 1621 1586 florere

58 1606 572 1697 poffunt.Atque
593 1629 745 1675 cum
766 1612 966 1676 animi
986 1609 1152 1677 dotes
1172 1664 1190 1690 ‚
1215 1612 1373 1681 sicut
1390 1620 1454 1684 «Sc
1474 1613 1624 1685 bona

58 1708 342 1796 corporis,
371 1707 628 1771 sanitate
645 1705 949 1793 quadam,
980 1710 1501 1796 pulchritudine,
1547 1719 1617 1782 <Sc

56 1803 297 1887 viribus
338 1805 794 1870 contineantur
838 1806 903 1869 ὃ(
959 1805 1374 1875 absolvantur
1422 1862 1441 1890 ‚
1499 1812 1623 1878 fuit

0 1917 4 2004 l
57 1920 233 1966 certe
263 1900 597 1967 Avunculo
630 1899 791 1966 Iulio
848 1900 1091 1969 viribus
1124 1908 1321 1971 animi
1364 1909 1574 1999 impar
1599 1960 1620 1990 ,

57 1995 544 2086 pulchritudine
572 2000 638 2063 ὃς
662 1999 921 2063 sanitate
942 2003 1242 2089 superior.
1307 2003 1417 2069 Ille
1441 2008 1620 2072 enim

53 2095 384 2180 inquietus
409 2099 475 2162 <Sc
505 2092 981 2182 incompositus
1025 2099 1121 2178 (ut
1143 2099 1282 2170 sunt
1298 2100 1427 2166 fere
1445 2105 1486 2169 ii
1504 2105 1619 2190 qui

0 2178 2 2264 Ι
57 2193 368 2257 Comitiali
397 2187 594 2255 morbo
638 2197 996 2277 tentantur)
1034 2192 1093 2258 se
1120 2195 1198 2259 ad
1231 2198 1414 2260 Fines
1465 2199 1621 2265 suos

0 2291 2 2398 l
52 2287 1464 2378 nihilominussummarationeexpediebat3
1512 2294 1619 2361 sed

0 2405 2 2451 r
52 2387 223 2472 ipsos
244 2388 432 2452 Fines
452 2387 727 2451 minime
745 2385 1155 2452 ordinaverat
1178 2432 1194 2459 ,
1242 2389 1344 2453 sed
1365 2394 1619 2480 impetu

52 2483 337 2553 infinito,
365 2486 427 2548 ὃς
455 2484 614 2549 ultra
640 2482 927 2547 Mortale
962 2501 1269 2571 appetens
1295 2531 1308 2556 ,
1377 2487 1618 2554 fereba-

52 2596 153 2645 tur
170 2581 248 2645 ad
275 2582 600 2646 ulteriora.
656 2580 785 2644 Hic
804 2596 1019 2644 autem
1049 2579 1390 2663 sobriu5,&
1423 2587 1616 2652 Mor-

51 2678 307 2743 tali-tatis
330 2698 613 2756 memor,
648 2678 841 2742 etiam
864 2677 1051 2742 Fines
1073 2677 1228 2743 suos
1250 2684 1480 2747 ordine
1500 2686 1616 2750 ad-

49 2772 325 2866 mirabili
348 2772 699 2864 descriptos
733 2775 799 2840 &
831 2771 1097 2843 libratos
1146 2771 1430 2863 habuisse
1451 2778 1616 2848 visus

227 2864 234 2868 ’
315 2861 320 2867 ’
412 2863 417 2866 ”
557 2886 561 2888 ’
1499 2875 1607 2947 est.
