1898 3139
287 58 413 116 142
621 29 963 122 Historia
985 34 1065 116 8<
1088 29 1502 143 Inquisitio

276 170 330 236 la
349 168 426 228 ita
443 184 868 234 concamerata,
888 185 953 227 ut
968 166 1007 228 fi
1029 170 1158 247 quis'
1183 169 1462 245 loquatur
1479 204 1497 232 2
1515 180 1690 245 atque
1706 176 1807 241 (αδ
1896 199 1898 201 ·

274 246 492 329 fertur)
515 250 743 318 locutio
776 249 877 310 ista
914 249 1017 311 fiat
1051 267 1258 310 contra
1279 252 1550 328 parietem
1610 254 1668 311 in
1688 275 1803 314 una

275 352 437 414 parte
460 337 721 394 Camerae
742 369 760 398 2
805 335 1010 393 melius
1047 332 1438 394 exaudiantur
1469 335 1642 394 verba
1673 335 1803 417 post

276 414 604 484 distantiam
626 417 967 474 nonnullam
987 417 1017 475 a
1038 433 1385 494 voce‘quam
1406 433 1607 496 prope.

360 503 573 570 Notavi
595 495 790 558 sedens
823 501 883 557 in
916 518 1092 559 curru
1141 534 1160 562 2
1216 503 1268 556 &
1295 491 1538 559 demiffo
1582 519 1654 558 ex
1688 518 1803 558 una

274 601 439 666 parte
458 584 589 642 velo
612 602 817 641 currus
841 618 858 645 ‚
879 598 1078 661 aperto
1101 602 1173 640 ex
1192 581 1367 638 altera
1382 622 1399 645 ‚
1427 579 1764 640 mendicum
1785 618 1806 647 ‚

274 665 683 746 quiclamabat
703 665 969 723 exlatere
997 683 1196 725 currus
1218 660 1412 723 clauso
1446 705 1464 728 ,
1501 667 1582 722 ita
1615 665 1803 724 visum

275 746 468 813 esseae
488 747 526 809 fi
546 749 819 808 ,clamaret
833 769 904 806 ex
920 750 1098 807 latere
1116 762 1318 826 aperto
1339 770 1353 806 ε
1411 761 1612 806 utvox
1633 750 1803 827 plane

270 832 498 913 repulsa
520 833 921 897 circuiret22ut
940 831 1142 891 saltem
1161 826 1424 909 undique
1441 827 1645 889 sonans
1667 866 1684 894 2
1701 848 1802 909 pu.-

273 933 497 976 taretur
517 932 708 974 tamen
730 935 800 975 ex
826 934 886 974 ea
902 932 1064 995 parte
1087 909 1280 981 audiri
1297 932 1417 992 qua
1435 913 1642 976 melius
1676 930 1805 993 per-

273 1003 544 1080 tingeret.

358 1086 417 1140 Si
438 1080 952 1145 teneatur-candela
969 1078 1137 1162 juxta
1162 1075 1426 1140 foramen
1462 1073 1610 1139 illud
1630 1073 1802 1157 quod

271 1166 621 1246 spiraculum
643 1165 721 1225 est
764 1167 1064 1249 tympani,
1116 1171 1167 1224 ὃ(
1191 1167 1552 1244 percutiatur
1577 1179 1801 1242 tympa÷

269 1269 448 1317 num,
481 1255 823 1309 concutitur
862 1256 917 1309 &
939 1250 1308 1326 extinguitur
1335 1246 1578 1309 flamma.
1629 1241 1800 1303 Idem

269 1333 337 1393 fit
359 1336 419 1391 in
442 1331 704 1392 sonando
725 1353 911 1392 cornu
930 1333 1244 1395 venatoris,
1262 1329 1301 1388 fi
1320 1345 1647 1410 apponatur
1668 1347 1800 1385 can·
1890 1390 1895 1397 ,

269 1415 402 1478 dela
433 1416 502 1476 ad
527 1421 749 1476 exitum
768 1423 1103 1487 cornu2&c.

290 1552 292 1558 .
334 1500 529 1560 Etiam
552 1499 847 1580 exquifitae
869 1495 1378 1576 differentiae,quas
1403 1495 1801 1573 suscipitsonus,

269 1585 472 1663 easque
513 1584 703 1642 secum
741 1579 927 1642 defert
959 1622 975 1645 2
1023 1581 1425 1641 demonstrant
1458 1577 1798 1653 hujusmodi

268 1671 474 1727 molles
496 1663 732 1727 affectus
753 1686 869 1724 non
907 1663 1012 1724 effe
1052 1684 1250 1724 motus
1287 1666 1610 1722 continuos
1649 1663 1801 1719 loca·
1892 1675 1898 1681 ·

264 1755 368 1811 ies.
411 1755 556 1811 Nam
611 1750 793 1830 sigilla
826 1768 981 1809 certe
1014 1752 1071 1805 in
1096 1749 1334 1804 materia
1352 1742 1798 1803 accommodata
1891 1756 1898 1791 ἑ

265 1833 489 1894 faciunt
505 1832 808 1911 exquisitas
834 1827 1267 1909 impressiones3
1299 1831 1378 1887 ita
1402 1845 1468 1886 ut
1499 1828 1555 1884 in
1574 1846 1793 1904 genera·

263 1922 398 1984 tione
433 1912 792 1999 anifortass'e
831 1909 1297 1992 hocfieripoffit.
1344 1910 1454 1971 Sed
1477 1908 1697 1969 delatio
1747 1915 1801 1968 &

263 2003 639 2062 continuatio
659 2001 755 2056 illa
772 2018 890 2054 non
913 1999 1195 2074 competit
1215 1996 1527 2073 praesertim
1550 1995 1605 2050 in
1626 1994 1799 2070 liqui-

264 2083 385 2145 dis.
433 2079 755 2163 Exquifitas
775 2099 967 2138 autem
991 2080 1109 2136 illas
1134 2074 1487 2137 differentias
1520 2077 1796 2155 intelligi-

262 2187 394 2227 mus
439 2164 513 2227 de
557 2163 812 2242 vocibus
860 2161 1177 2222 articulatis
1214 2165 1269 2219 &
1306 2163 1464 2219 tonis
1501 2156 1796 2217 harmoni-

265 2255 369 2312 cis,

350 2339 576 2396 Verum
599 2326 944 2391 omninode
978 2326 1083 2390 hac
1112 2350 1173 2390 re
1211 2323 1513 2396 (videlicet
1557 2362 1576 2390 ‚
1618 2344 1794 2402 quarn

263 2419 609 2479 relationem
640 2422 694 2475 δε
730 2411 1308 2492 correspondentiam
1340 2407 1546 2476 habeat
1555 2409 1698 2489 fimus
1721 2406 1794 2466 ad
1855 2415 1858 2420 ’

263 2517 497 2574 motum
537 2501 783 2557 localem
815 2498 983 2566 aeris)
1032 2498 1366 2575 inquiratur
1414 2490 1795 2571 diligentiu53

263 2603 503 2663 nonper
522 2585 696 2648 viam,
716 2589 891 2640 Vtrum
912 2577 1107 2657 (quod
1132 2595 1317 2658 genus
1356 2572 1694 2653 quaestionis
1730 2574 1795 2632 in
1856 2606 1857 2610 =
1896 2593 1898 2627 z

263 2663 601 2745 hujusmodi
639 2665 808 2724 rebus
833 2664 1030 2723 omnia
1049 2656 1333 2742 perdidit)
1355 2645 1457 2716 sed'
1485 2676 1588 2738 per
1621 2659 1792 2721 viam,
1855 2661 1857 2663 '

264 2758 530 2840 „Quatenus
568 2771 608 2808 :-
629 2745 818 2826 quue
867 2766 988 2808 non
1039 2764 1141 2826 per
1188 2758 1530 2824 argumenta
1579 2738 1794 2883 dill'cur-
1860 2758 1898 2811 Ι;

1241 2858 1243 2860 ’
1673 2844 1783 2887 lva.
1855 2855 1861 2884 ῖ-
